1982 2739
281 201 349 236 108
475 192 547 229 DE
574 189 852 233 ANTIQUA
875 186 1183 225 ECCLESIAE
1207 187 1544 223 DISCIPLINA

224 293 294 319 tere
314 280 478 324 adseruit3
504 276 585 326 quin
597 280 694 315 etiam
710 290 750 314 eo
769 290 822 313 res
839 277 985 313 redierat
1021 287 1176 324 tempore
1196 275 1332 311 concilii
1352 273 1551 315 Bafileenfis,
1569 275 1750 313 utlevibus
1769 278 1844 313 om}

229 334 314 368 nino
332 332 373 366 de
391 329 494 366 caufis
515 341 628 376 partes
647 331 792 364 Romam
817 339 1037 368 vocarentur,
1067 325 1165 361 etiam
1182 337 1259 360 ante
1279 325 1444 372 'judicium
1472 326 1506 359 in
1524 328 1703 371 provincia
1720 327 1845 367 latum,

229 395 336 427 utque
354 379 430 427 post
448 379 612 428 judicium
633 378 685 413 vel
706 390 862 423 tempore
889 377 1004 424 judicss
1031 374 1155 410 frivole
1176 375 1422 421 adpellaretur3
1459 375 1513 408 cui
1541 375 1632 410 malo
1656 376 1848 411 remedium

228 432 364 467 adferre
383 431 493 466 conati
515 428 590 463 sunt
605 426 792 462 Bafileenfis
811 427 945 462 concilii
967 438 1078 472 patres
1105 423 1240 460 seffione
1271 436 1326 468 31·
1388 424 1626 464 Inoleverunt,
1663 426 1848 469 inquiunt,

230 482 386 517 haetenus
405 478 673 515 intolerabilium
690 480 904 512 vexationum
925 477 1042 519 abusus
1056 476 1237 523 permulti,
1265 475 1340 508 dum
1362 475 1499 507 nimium
1515 476 1723 521 frequenter
1747 487 1767 509 a
1792 486 1848 509 re.

171 559 173 562 .
228 530 404 578 mottffimis
422 531 523 564 etiam
539 527 697 574 partibus
716 526 761 560 ad
776 527 956 561 Romanam
974 528 1120 562 curiam,
1148 534 1180 559 et
1199 523 1370 558 interdum
1391 534 1453 568 pro
1471 525 1592 568 parvis
1609 523 1706 558 rebus
1726 532 1759 559 et
1785 526 1848 558 mi-

229 583 321 615 nutis
340 581 507 628 negotiis,
536 577 777 624 quamplurimi
793 578 895 610 citari
913 585 945 610 et
963 577 1095 610 evocari
1114 575 1366 618 consueverunt,
1395 581 1494 618 atque
1511 574 1562 606 ita
1580 572 1727 620 expensis
1745 581 1779 608 et
1795 575 1848 608 la.

231 628 366 664 boribus
378 628 555 675 fatigari,
584 635 622 660 ut
640 637 871 672 nonnunquam
891 625 1081 659 commodius
1103 623 1452 667 arbitrarenturjure
1465 622 1526 665 suo
1546 622 1680 662 cedere,
1709 633 1769 658 aut
1793 634 1848 657 ve-

233 681 402 714 xationem
413 678 512 720 suam
526 677 636 723 gravi
655 667 773 711 damno
792 673 972 714 redimere,
1001 686 1096 720 quam
1117 675 1152 707 in
1172 683 1239 707 tam
1256 674 1442 719 longinqua
1462 673 1599 718 regione
1629 673 1742 706 litium
1755 671 1847 717 subi·

230 740 269 763 re
286 726 477 773 dispendia.
530 725 585 759 Sic
595 726 707 770 facile
727 726 845 758 extitit
862 723 1059 768 calumniofis
1076 724 1266 768 opprimere
1282 731 1462 767 pauperes,
1483 720 1568 766 ficet
1580 719 1739 763 beneficia
1750 724 1849 757 eccle.

224 776 354 824 fiastica
372 777 566 823 plerumque
583 776 690 811 minus
700 773 789 818 juste
803 785 865 818 per
885 774 995 806 litium
1014 772 1191 818 anfraHus
1210 770 1345 805 obtenta
1358 773 1459 813 sunt,
1487 769 1562 804 dum
1581 770 1681 816 justis
1698 771 1849 818 pqffi’ffo-
1892 811 1898 815 ,

231 826 327 861 ribus
344 836 474 864 eorum,
495 825 557 869 seu
575 822 692 870 quibus
708 823 769 856 illa
786 822 827 856 de
841 824 920 868 jure
938 821 1180 868 competebant,
1218 831 1320 868 neque
1337 830 1430 865 opes,
1472 830 1576 865 neque
1596 822 1778 864 facultates
1803 819 1850 856 ad

231 876 308 915 illos
321 871 635 921 sumptussufficere
651 880 828 918 poterant,
856 883 934 919 quos
950 873 1136 918 longinqua
1152 870 1321 916 profefiio
1349 867 1394 903 ad
1419 868 1602 903 Romanam
1628 872 1773 911 curiam,
1815 877 1851 906 et

234 926 307 960 litis
324 926 474 971 agitatio
502 925 538 956 in
565 921 677 955 eadem
704 919 930 966 depsscebant.
1008 919 1244 964 Confunditur
1271 920 1373 953 etiam
1399 917 1477 951 inde
1504 917 1587 952 ordo
1613 918 1852 965 ecclefiasticus,

236 973 314 1009 dum
331 969 703 1015 ordinariisjztdicihus
715 971 779 1012 sua
792 969 990 1014 jurisdift'io
1011 971 1144 1002 minime
1161 969 1339 1010 servatur,
1366 978 1448 1013 quae
1468 967 1642 1001 attendens
1663 969 1779 1012 sanHa
1792 970 1851 1015 sy-

233 1022 337 1057 nodus
354 1049 362 1056 .
379 1048 386 1056 .
405 1047 411 1054 .
433 1047 440 1054 .
452 1020 578 1065 statuit
597 1028 631 1052 et
648 1018 811 1053 decrevit,
827 1026 865 1050 ut
881 1019 917 1050 in
932 1015 1089 1061 partibus
1107 1018 1200 1049 ultra
1218 1023 1362 1062 quatuor·
1385 1015 1513 1048 diaetas
1537 1027 1557 1048 a
1583 1016 1729 1051 Romana
1755 1020 1852 1052 curia

235 1069 455 1117 distantibus,
491 1078 599 1102 omnes
616 1076 837 1113 quaecumque
856 1067 988 1109 causae,
1016 1064 1196 1111 majoribus
1212 1065 1356 1110 exceptis
1384 1065 1422 1097 in
1439 1059 1525 1108 jure
1551 1065 1698 1111 expreffe
1723 1077 1853 1101 enum&

232 1122 344 1163 vratis,
371 1126 404 1153 et
418 1117 612 1152 eleHionum
634 1115 833 1162 ecclefiarum
852 1114 1111 1154 cathedralium,
1165 1122 1198 1148 et
1216 1112 1501 1156 monasteriorum,
1555 1125 1635 1161 quas
1658 1115 1856 1151 immediata

231 1168 395 1215 Juhjeffio
414 1166 577 1212 adsedem
596 1165 806 1211 apostolicam
826 1164 998 1204 devolvit,
1026 1162 1118 1209 apud
1133 1163 1205 1198 illos
1216 1162 1352 1208 judices
1375 1164 1411 1196 in
1426 1161 1603 1208 partibus,
1631 1166 1689 1212 qui
1715 1164 1756 1200 de
1770 1166 1856 1213 jure

240 1227 299 1252 aut
323 1216 551 1261 consuetudine
566 1216 795 1260 praescripta,
824 1214 878 1245 vel
892 1214 1079 1258 privilegio
1104 1214 1328 1258 cognitionem
1354 1210 1493 1249 habent,
1521 1215 1764 1254 terminentur,
1799 1215 1854 1248 vel

231 1262 430 1310 ‘finiantum
460 1272 493 1298 et
510 1274 551 1297 ne
568 1261 624 1303 lub
642 1260 757 1296 umbra
775 1261 1055 1306 adpellationum‚
1083 1271 1166 1306 quae
1182 1262 1319 1294 nimium
1340 1259 1463 1292 leviter
1482 1268 1515 1292 et
1529 1272 1760 1309 nonnunquam
1782 1265 1856 1308 fri.

241 1317 317 1350 vole
334 1313 491 1349 hat-*lenus
512 1311 690 1356 interponi
708 1310 801 1353 visae
815 1312 915 1353 Junt,
943 1317 1043 1355 atque
1068 1311 1169 1342 etiam
1185 1311 1220 1341 in
1246 1307 1357 1342 eadem
1385 1307 1544 1351 instantia
1574 1309 1622 1343 ad
1634 1314 1855 1359 prorogatio·
1877 1348 1880 1352 ⁴

241 1376 313 1401 nem
331 1365 442 1397 litium
454 1363 552 1406 saepe
569 1359 811 1404 multiplicari,
847 1360 988 1392 materia
1011 1357 1178 1402 fovendis
1203 1357 1335 1402 injustis
1362 1356 1601 1391 vexationibus
1627 1361 1853 1408 relinquatur.

242 1415 377 1449 Statuit
397 1411 505 1445 eadem
517 1409 635 1454 JanHa
654 1407 815 1454 synodus,
842 1407 965 1455 quodsi
982 1409 1052 1454 quis
1076 1406 1216 1451 offensus
1233 1417 1337 1439 coram
1356 1406 1413 1446 suo
1423 1404 1542 1450 judice
1564 1405 1685 1443 habere
1701 1421 1769 1445 non
1782 1411 1859 1457 pos·

240 1457 280 1501 lit
290 1462 447 1509 justitiae
462 1460 737 1505 complementum,
767 1457 813 1492 ad
838 1456 1060 1491 immediatum
1076 1457 1288 1500 superiorem
1318 1464 1379 1499 per
1405 1452 1664 1500 adpellationem
1690 1462 1858 1502 recursum

242 1512 380 1547 habeat,
406 1520 464 1544 nec
481 1509 525 1542 ad
543 1518 768 1555 quemcumque
786 1509 886 1541 etiam
907 1506 952 1540 ad
964 1517 1087 1552 papam
1103 1502 1212 1548 omiffo
1232 1502 1358 1542 medio,
1385 1515 1443 1537 nec
1460 1516 1479 1537 a
1491 1509 1698 1552 gravamine
1716 1510 1753 1543 in
1771 1521 1857 1557 qua-

242 1572 376 1607 cumque
393 1559 555 1604 instantia
572 1565 650 1590 ante
667 1555 880 1596 definitivam
889 1557 1091 1599 sententiam
1110 1551 1349 1599 quomodolibet
1358 1551 1568 1598 adpelletur,
1596 1555 1655 1601 nisi
1665 1559 1789 1603 forsan
1806 1567 1857 1593 ta.

243 1613 273 1645 le
290 1620 477 1658 gravamen
496 1608 673 1646 extiterit,
701 1606 789 1653 quod
805 1608 842 1640 in
858 1603 1041 1646 definitiva
1053 1605 1221 1645 sententia
1239 1604 1404 1648 reparari
1417 1604 1592 1649 nequiret,
1620 1617 1682 1652 quo
1697 1608 1771 1651 casu
1788 1620 1857 1644 non

245 1662 329 1695 alias
349 1657 393 1692 ad
416 1655 644 1692 immediatum
660 1657 866 1701 superiorem
885 1655 959 1687 licet
978 1652 1170 1699 adpellare‚·
1189 1650 1219 1697 fi
1233 1663 1312 1685 vero
1337 1653 1503 1698 quispiam
1521 1665 1541 1685 a
1561 1653 1648 1695 sedis
1665 1656 1859 1702 apostolieae

244 1707 433 1744 immediate
452 1705 619 1751 subJeHo,
646 1704 692 1739 ad
710 1705 810 1751 ipsam
819 1702 929 1748 sedem
947 1702 1085 1736 duxerit
1101 1700 1354 1747 adpellandum,
1382 1702 1478 1743 causa
1494 1712 1560 1748 per
1582 1705 1781 1751 rescriptum
1806 1719 1857 1742 us.

245 1770 305 1806 que
323 1755 478 1799 adfinem
498 1757 568 1789 litis
586 1754 740 1800 inclusive
762 1756 796 1787 in
811 1751 971 1798 partibus
990 1753 1232 1787 committatur,
1258 1750 1320 1796 nist
1330 1753 1432 1796 forte
1448 1760 1591 1797 propter
1609 1752 1777 1799 defeHum
1793 1757 1856 1801 ju-

237 1809 374 1855 Jlitiae,
403 1804 599 1851 autjustum
617 1813 753 1840 metum,
782 1805 880 1838 etiam
902 1804 940 1836 in
955 1800 1111 1846 partibus
1135 1802 1338 1839 convicinis,
1376 1799 1418 1834 de
1441 1799 1561 1847 quibus
1584 1804 1621 1837 in
1645 1804 1857 1852 commiffione

244 1855 473 1903 exprimendis
490 1855 640 1902 legitimo
657 1855 753 1899 prius
770 1853 961 1886 documento
979 1851 1065 1884 alias
1080 1862 1175 1899 quam
1190 1860 1254 1895 per
1269 1851 1502 1895 juramentum
1527 1851 1680 1898 legitime
1705 1854 1856 1900 constite-

244 1909 312 1943 rit,
341 1904 431 1950 apud
448 1904 552 1949 ipsam
563 1902 673 1947 sedem
691 1904 784 1946 foret
805 1904 875 1946 ipsa
893 1899 1084 1934 retinenda.
1139 1898 1254 1945 Hujus
1272 1897 1456 1933 sani-{ionis
1475 1898 1531 1933 hic
1548 1900 1683 1935 videtur
1699 1901 1762 1936 effe
1773 1903 1856 1951 legi.

245 1956 348 1989 timus
367 1951 499 1991 sensus»,
527 1951 639 1986 statuit
657 1950 820 1999 synodus,
839 1962 878 1983 ne
893 1950 1072 1994 quisquam
1083 1949 1228 1995 amplius
1247 1950 1392 1984 Romam
1413 1960 1568 1988 vocetur,
1594 1962 1652 1985 aut
1668 1951 1709 1986 ad
1730 1953 1855 1988 Romn-

247 2015 330 2039 num
349 2000 546 2048 pontificem
565 2012 641 2034 ante
657 2001 823 2046 judicium
842 1998 1010 2034 ordinarii
1028 2009 1209 2044 provocet,
1237 1996 1293 2032 sed
1317 2010 1355 2033 ut
1383 2010 1502 2032 omnes
1529 1998 1661 2040 causae,
1702 2003 1852 2048 exceptis

245 2052 435 2100 majoribus
447 2052 480 2084 in
492 2050 564 2096 jure
574 2048 727 2094 expreffis
738 2075 745 2087 ,
773 2061 803 2083 et
818 2046 1018 2083 eleffionum
1031 2047 1237 2083 ecclesiarum
1249 2047 1493 2083 cathedralium
1507 2060 1540 2083 et
1551 2049 1850 2094 monasteriorum,

245 2105 364 2150 primo
382 2102 416 2135 in
435 2099 612 2146 provincia
632 2098 844 2140 ¹ludicentur,
873 2099 991 2133 deinde
1011 2111 1047 2133 ut
1063 2097 1153 2132 nulla
1172 2096 1228 2131 fiat
1246 2097 1456 2144 adpellatioa
1475 2101 1687 2142 gravamine,
1716 2099 1769 2135 sed
1781 2112 1852 2136 tan-

247 2164 321 2188 tum
339 2148 415 2197 post
432 2149 594 2196 judicium
612 2149 847 2186 terminatum,
874 2160 931 2183 aut
950 2161 991 2182 ne
1010 2160 1061 2183 res
1077 2145 1182 2182 statim
1203 2147 1402 2182 devolvatur
1427 2146 1468 2179 ad
1496 2149 1687 2184 Romanum
1712 2149 1852 2195 pontifi-

247 2214 336 2241 cem,
367 2198 487 2234 omisso
506 2197 636 2237 medio,
665 2198 728 2232 hoc
746 2196 807 2239 est,
844 2198 1111 2244 metropolitano
1136 2197 1187 2231 vel
1212 2199 1369 2243 primate.
1420 2197 1576 2241 Denique
1601 2209 1637 2232 ut
1661 2196 1682 2232 fi
1709 2202 1785 2243 quis
1811 2200 1853 2236 ab

247 2249 443 2288 immediate
461 2245 614 2296 subjeffko
632 2246 700 2283 sedi
721 2246 921 2295 apostolicae
938 2248 980 2285 ad
1004 2259 1075 2283 eam
1091 2246 1253 2295 adpellet,
1283 2259 1320 2284 ut
1335 2245 1429 2283 causa
1445 2246 1571 2282 Romae
1586 2259 1655 2282 non
1675 2246 1855 2295 judicetur,

1721 2315 1724 2318 ·
1749 2296 1806 2336 sed
