2012 2718
311 176 814 215 DJ'SSERTATIONES
844 179 1197 216 HISTORICAE.
1228 183 1386 219 D13SERT.
1406 185 1451 221 Is.
1583 195 1651 229 1027

86 277 128 302 te
142 267 233 301 nullo
249 265 342 301 modo
359 266 534 313 debuistis,
561 278 592 301 at
611 266 777 306 Gallicani,
795 267 947 314 episcopi
964 269 1104 306 Nicolai
1122 271 1227 316 primi
1245 271 1512 318 propositionem
1530 272 1619 310 ferre
1639 277 1704 311 ini-¹v

89 316 180 350 nime
197 327 401 362 potuerunt,
422 328 454 350 et
473 316 550 351 licet
569 317 598 350 ei
615 329 686 351 non
713 316 922 363 denegarent
943 318 1211 365 adpellationes‚
1238 321 1294 356 seu
1319 325 1438 369 potius
1458 324 1701 371 episcoporum

84 363 266 411 confugia,
294 364 479 401 secundum
498 365 708 400 Sardicenses
727 378 872 401 canones
893 370 941 402 ita
958 381 995 404 ut
1010 370 1179 416 judicium
1203 383 1270 405 non
1289 374 1433 415 Romae,
1486 374 1539 410 sed
1567 378 1600 410 in
1620 387 1704 422 pro-

85 414 196 450 vincia
219 416 417 456 iteraretur,
445 428 614 462 negarunt
632 427 743 450 tamen
761 419 903 453 omnino
921 420 1166 455 controversias
1185 420 1250 455 five
1269 423 1413 468 majores
1438 423 1505 459 sive
1533 427 1703 465 minores,

82 463 277 501 inconsulto
294 468 450 501 Romano
467 463 630 512 pontifice
646 479 663 500 a
681 464 813 513 synodo
832 469 1031 512 provinciae
1047 470 1190 516 judicari
1217 483 1285 505 non
1312 472 1422 517 posse:
1475 473 1567 521 Ahstt
1595 478 1702 515 enim.

80 514 260 560 inquiunt,
289 528 310 550 a
328 515 438 556 nobis,
465 524 506 551 ut
520 516 747 563 privilegium
758 519 894 561 primae
912 527 946 552 et
960 520 1107 563 summae
1121 519 1208 563 sedis
1220 521 1358 565 sanciae
1375 523 1542 558 Romanae
1560 525 1705 572 ecclefiae

81 564 253 611 pontificis
268 578 331 612 pro
347 565 396 613 fic
409 569 517 612 parvi
534 565 727 611 pendamus,
746 573 784 599 ut
802 568 1042 611 controverfias
1060 577 1093 603 et
1108 570 1232 615 jurgia
1249 577 1317 603 tam
1327 571 1515 616 superioris
1540 586 1634 621 quam
1652 578 1705 609 in-

77 616 227 661 ferioris
238 615 380 654 ordinis,
402 627 486 662 quae
502 615 651 649 Nzcaeni
670 624 702 650 et
713 618 884 659 sacrorum
900 619 1110 652 conciliorum
1137 629 1291 658 canones,
1330 628 1363 653 et
1389 619 1579 656 Innocentii
1607 633 1705 670 atque

84 666 227 699 aliorum
243 665 410 699 Romanae
429 664 517 708 fedis
530 663 732 710 pontificum
750 664 886 699 decreta
905 668 941 700 in
952 666 1095 713 synodis
1109 667 1380 713 provincialibus
1402 682 1422 703 a
1440 673 1704 717 metropolitanis

83 716 304 761 praecipiunt
323 716 509 748 terminari
524 714 570 747 ad
588 714 728 759 vestram
739 715 899 758 summam
914 717 1156 752 authoritatem
1172 718 1396 766 fatigandam
1413 719 1584 760 ducamus,
1621 723 1704 756 exci-

86 763 190 808 piunt
207 774 319 798 tamen
339 762 450 797 causas
471 763 600 807 aliquas
619 761 844 801 difficiliores,
879 773 916 799 at
933 765 963 811 fi
980 768 1097 812 forte,
1133 767 1318 811 inquiunt,
1372 768 1414 802 de
1430 771 1588 816 episcopis
1608 773 1704 816 causa

83 821 168 848 nata
184 815 318 859 fuerit,
346 812 435 848 unde
451 822 542 848 certa
560 822 593 848 et
610 813 765 859 expreffa
787 816 822 848 in
833 816 940 858 sacris
959 817 1090 864 regulis
1107 829 1172 851 non
1190 815 1364 852 habeamus
1375 818 1544 864 judicia,
1559 829 1590 854 et
1610 819 1648 855 ob
1667 820 1705 855 id

83 863 122 896 in
139 863 368 909 provinciali,
395 864 450 897 vel
469 865 504 898 in
519 864 796 909 comprovinciali
809 873 955 911 nequeat
974 869 1128 901 examine
1144 865 1284 910 definiri
1299 867 1345 902 ad
1353 867 1510 904 divinum
1527 871 1705 911 oraculum,

84 910 127 946 id
145 911 188 959 est
203 912 250 947 ad
263 912 469 959 apostolicam
481 912 597 958 sedem
615 911 709 948 nobir
727 914 808 948 inde
835 914 879 960 est
907 915 1156 952 recurrendum.

238 975 409 1011 Adrianus
427 974 591 1009 secundus
610 975 749 1010 Nicolai
765 975 932 1023 ‘successor
949 978 1144 1014 earumdem
1164 979 1380 1016 decretalium
1404 982 1620 1019 autoritatem
1645 984 1703 1020 ad-

89 1023 184 1059 ducit
203 1024 238 1059 in
257 1023 354 1058 causa
369 1024 551 1057 Hincmari
569 1024 809 1060 Laudunenfis.
862 1030 907 1059 At
926 1025 1092 1061 Gallicani
1110 1027 1264 1074 episcopi
1284 1030 1420 1066 illarum
1446 1032 1572 1067 nullam
1599 1035 1703 1068 ratio-

85 1083 168 1108 *nem
183 1072 394 1110 habuerunt,
421 1083 454 1107 et
472 1073 505 1106 in
526 1071 720 1107 Duziacensi
741 1073 886 1108 concilio
912 1075 1142 1110 Hincmarum
1170 1077 1427 1114 Laudunensem
1452 1081 1703 1126 deposuerunt.

92 1124 154 1168 qui
171 1134 250 1158 cum
271 1121 345 1158 istas
365 1122 541 1157 decretales
560 1120 600 1155 ad
619 1121 733 1156 causae
750 1121 826 1157 luae
846 1119 1077 1159 defensionem
1097 1125 1297 1168 adduceret,
1326 1129 1533 1165 Hincmarus
1555 1132 1590 1166 in
1612 1131 1703 1167 libro

89 1171 229 1218 capitul.
256 1184 310 1216 55,
328 1183 399 1215 cap.
417 1181 475 1214 43.
492 1182 523 1204 et
539 1170 620 1203 alibi
637 1181 792 1215 receptos
811 1183 956 1205 canones
975 1171 1044 1206 istis
1068 1173 1287 1210 decretalibus
1304 1175 1548 1221 praeferendos
1567 1179 1628 1215 effe
1643 1181 1702 1216 ad.

82 1219 248 1256 firmavit.
301 1218 459 1255 Posthaec
476 1229 553 1251 cum
576 1217 788 1252 Hincmarus
805 1219 1038 1253 Laudunenfis
1057 1221 1269 1264 provocasset
1286 1225 1326 1258 ad
1344 1229 1539 1262 Romanum
1560 1228 1703 1274 pontifi-

78 1278 162 1305 ·cem
187 1268 397 1308 Adrianum,
434 1268 462 1301 is
487 1263 685 1311 episcopos,
722 1267 783 1310 qui
809 1266 1066 1302 Laudunensem
1101 1271 1331 1307 Hincmarum
1353 1273 1609 1315 damnaverant,
1637 1280 1703 1313 Ro-

78 1326 180 1354 'mam
195 1320 348 1359 vocavit,
378 1313 578 1361 conquestus
596 1314 746 1361 insuper,
765 1316 858 1361 quod
877 1318 910 1351 in
930 1329 1006 1351 eum
1022 1317 1188 1364 judicium
1206 1319 1373 1364 tulissent3
1402 1334 1434 1358 at
1450 1323 1498 1358 illi
1516 1337 1634 1371 parere
1651 1339 1704 1361 re-

80 1381 254 1409 nuerunt,
283 1380 315 1403 et
331 1364 686 1403 Sardicensisconcilii
704 1365 845 1401 decretis
869 1365 1053 1403 adhaesere.

239 1430 484 1468 Nihilominus
507 1440 619 1463 tamen
641 1438 718 1462 cum
735 1429 882 1463 Romani
904 1427 1105 1475 pontificeS,
1133 1430 1185 1465 his
1205 1431 1290 1467 nihil
1314 1432 1544 1477 obstantibus,
1574 1436 1704 1483 episto,

77 1479 155 1534 sspos
173 1479 370 1520 Gallicanos
388 1483 532 1515 Romam
552 1476 707 1517 citarent,
735 1477 877 1513 Carolus
897 1478 1040 1519 Calvus,
1069 1479 1123 1514 seu
1143 1483 1261 1526 potius
1272 1485 1482 1519 Hinemarus
1494 1488 1633 1522 nomine
1644 1489 1703 1523 Ca-

41 1552 47 1554 -
90 1534 158 1572 roli
176 1533 292 1573 Calvi,
321 1530 493 1576 egregiam
514 1524 643 1572 scripsit
661 1525 854 1571 epistolam,
883 1541 948 1572 qua
973 1527 1186 1575 disciplinam
1215 1544 1232 1565 a
1256 1534 1419 1569 Nicaenis
1448 1546 1480 1569 et
1503 1536 1703 1572 sardicensi-

79 1581 153 1621 ,bus
171 1580 359 1619 canonibus
378 1579 536 1614 sancitam
556 1573 725 1615 defendit,
755 1587 787 1610 et
805 1588 929 1612 novam
951 1577 1044 1614 illam
1068 1577 1155 1614 fistis
1182 1581 1250 1616 illis
1278 1582 1498 1622 decretalibus
1527 1583 1703 1623 inductam

91 1633 219 1681 rejicit,
245 1642 277 1666 et
293 1627 453 1664 adversus
474 1638 545 1661 eam
562 1623 759 1660 solemniter
783 1624 1001 1672 protestatur.
1489 1626 1492 1630 ’

242 1692 320 1730 Post
338 1693 420 1727 haec
438 1703 614 1737 tempora,
643 1688 816 1724 subterna
841 1702 958 1736 regum
986 1690 1182 1729 nostrorum
1209 1694 1376 1742 dynastia,
1412 1697 1458 1731 ita
1482 1697 1602 1733 molles
1628 1699 1703 1735 fue.

78 1757 174 1785 -runt
191 1743 359 1780 Gallicani
378 1740 549 1787 episcopi,
577 1751 616 1774 ut
634 1738 730 1785 saepe
747 1738 878 1785 saepius
895 1739 976 1786 pasli
995 1740 1056 1775 {int
1074 1742 1251 1789 episcopos
1270 1745 1464 1781 Gallicanos
1482 1748 1571 1793 apud
1582 1751 1703 1784 Romn-

76 1810 156 1834 :nos
174 1790 354 1842 pontifices
371 1791 525 1838 primum
548 1788 718 1829 adcusari,
746 1800 777 1823 et
795 1789 834 1824 ab
861 1789 979 1824 iisdem
1006 1793 1150 1826 Romam
1176 1796 1306 1834 vocari,
1342 1807 1378 1830 ac
1403 1795 1530 1832 ibidem
1557 1798 1702 1845 judicari

89 1856 212 1883 ‚contra
231 1854 379 1878 canones
398 1841 575 1885 antiquos,
603 1838 785 1884 moresque
806 1840 840 1873 in
865 1839 976 1875 Gallia
996 1852 1170 1886 receptos3
1197 1843 1374 1888 pontifices
1399 1857 1535 1891 quoque
1557 1850 1704 1884 Romani

42 1888 45 1891 ’
90 1907 175 1933 mne
192 1893 360 1940 temporis
378 1889 551 1926 causarum
568 1890 726 1925 omnium
745 1889 932 1936 majorum,
965 1890 1078 1935 prima
1099 1891 1197 1926 etiarn
1225 1891 1379 1928 instantia
1405 1897 1530 1931 Romae
1551 1897 1704 1944 judican-

92 1947 236 1985 darum,
257 1941 484 1989 privilegium
499 1937 658 1975 audaffier
675 1938 735 1973 fibi
754 1939 976 1974 vindicarunt.
1029 1942 1082 1974 Sic
1098 1943 1167 1976 Leo
1191 1953 1300 1976 nonus
1317 1943 1352 1977 in
1370 1944 1508 1990 epistola
1518 1947 1601 1989 4.ad
1613 1945 1706 1983 Afri-

79 2006 217 2034 ecquos,
246 2003 344 2038 negat
358 1989 535 2037 episcopos
554 1989 622 2023 sine
648 1988 810 2023 sententia
838 1990 980 2038 Romani
1004 1989 1154 2036 episcopi
1183 1991 1337 2026 damnari
1361 1993 1454 2039 posse
1480 1995 1531 2030 vel
1559 1997 1705 2043 deponi,

94 2045 192 2091 quod
209 2044 325 2087 inquit
343 2037 725 2075 exsanstiscanonibus
741 2038 779 2073 sit
797 2038 1006 2080 institutum,
1035 2043 1114 2087 quia
1132 2043 1273 2075 omnium
1293 2044 1489 2089 ecclcfiarum
1514 2049 1653 2092 majores
1671 2058 1704 2083 et

80 2114 83 2119 .
94 2094 306 2140 dffficiliores
324 2091 456 2132 causae,
483 2101 546 2136 per
556 2089 706 2134 sanl'iam
723 2098 756 2123 et
771 2090 992 2136 principalem
1010 2087 1100 2125 beati
1116 2091 1211 2125 Petri
1232 2091 1337 2133 sedem
1356 2105 1376 2126 a
1383 2095 1615 2141 succeffiJribus
1632 2099 1703 2141 ejus

94 2141 309 2188 ¹definiendae
319 2142 414 2186 sunt.
466 2139 660 2185 Gregorius
678 2137 840 2184 septimus
857 2139 890 2173 in
911 2136 1037 2174 difflatu
1053 2151 1175 2186 magna
1193 2140 1394 2177 confidentia
1411 2142 1582 2182 adfirmat,
1609 2145 1704 2190 quod

84 2203 189 2239 >§papa
203 2191 296 2228 solus
313 2188 414 2237 poslit
430 2188 598 2235 deponere
614 2186 813 2234 episcopos,
841 2188 893 2224 vel
914 2188 1137 2225 reconciliare.
1188 2192 1236 2224 Ac
1247 2189 1382 2225 demum
1402 2194 1622 2229 Innocentius
1640 2206 1705 2231 ter-

92 2242 169 2277 tius
189 2242 265 2289 jure
283 2240 402 2278 divin-o
424 2237 671 2286 depositiones,
698 2236 855 2274 ceffiones
879 2248 911 2273 et
932 2237 1190 2284 degradationes
1214 2239 1457 2288 episcoporum
1479 2242 1540 2280 fibi
1566 2255 1704 2290 compe-

209 2303 214 2308 .
900 2289 930 2323 0
960 2300 978 2321 2
1584 2304 1654 2329 tere
