1961 2718
284 192 349 233 398
553 185 627 220 nr:
653 178 1268 227 Aumouxa‘caerssmr
1300 179 1645 218 mscn’uN'A

227 273 312 320 quid
331 271 514 321 probaret.
542 271 583 307 de
599 272 642 308 iis
661 285 761 312 vero,
788 272 850 319 qui
865 271 901 306 in
919 267 1081 305 haeresim
1097 277 1158 304 aut
1174 267 1372 317 apostasiam
1391 267 1475 316 lapsi
1503 269 1601 311 sunt.
1635 269 1851 307 eontrarium

227 323 481 360 demonstraret.

377 371 579 420 Respondeo
596 370 742 408 secundo
755 397 764 412 ,
793 371 829 405 in
846 368 989 405 illorum
1003 366 1186 408 sententia,
1207 367 1274 412 ⁴qui
1298 365 1416 404 dieunt
1442 368 1708 406 matrimonium
1730 368 1772 404 ab
1799 369 1851 404 in-

228 422 388 460 fidelibus
406 420 636 463 contrafiiutn,
663 434 732 457 uno
751 421 939 468 conjugum
955 419 1003 454 ad÷
1017 417 1118 454 sidem
1133 418 1287 452 veniente
1306 415 1413 458 sol-vi,
1447 418 1501 452 vel
1527 417 1755 457 indissolubile
1780 431 1853 454 non

230 473 293 509 esse
311 473 575 509 matrimonium
593 471 633 507 ab
649 470 843 507 infidelibus
861 466 1096 509 eontraE’tum3
1116 467 1180 503 -vel
1197 465 1221 502 fi
1239 467 1372 504 dicatur
1389 464 1638 511 indissolubile,
1665 471 1702 506 in
1719 467 1785 504 hoe
1804 480 1855 504 ea-

229 523 269 560 su
289 521 486 570 dispensasse
501 522 613 569 ipsum
630 522 830 562 dominum,
855 532 920 568 per
937 519 1047 565 legem
1065 520 1135 553 aD.
1147 517 1250 554 Paulo
1269 518 1548 565 promulgatam,
1573 529 1607 554 at
1623 520 1660 554 in
1677 518 1754 564 lege
1768 517 1855 564 pub-

232 573 316 611 lica,
344 574 522 608 communi
540 583 572 607 et
588 572 722 612 divina,
749 571 790 605 de
815 570 1007 606 obedientia
1030 567 1170 613 regibus
1201 567 1313 602 debita
1335 578 1408 603 non
1435 566 1645 613 dispensavit
1677 566 1855 607 Christus.

231 625 316 668 quin
341 623 413 658 imo
431 621 666 668 evangelicum
684 620 815 656 addidit
832 619 872 655 de
894 619 950 654 illa
964 616 1163 666 praestanda
1175 629 1421 664 praeceptum,
1446 627 1550 663 atque
1567 618 1646 654 ideo
1667 616 1783 665 dispar
1809 614 1859 652 est

232 671 407 717 utriusque
424 672 524 707 ratio.
577 672 734 716 Denique
751 669 775 705 si
794 669 878 715 quid
897 669 1058 715 probaret
1079 665 1169 702 istud
1188 666 1384 702 Benarmini
1410 667 1631 704 ratiocinium
1645 692 1656 706 ,
1692 666 1855 715 probaret

230 723 409 758 hominem
436 722 478 756 ab
496 720 690 756 obedientia
706 721 780 765 regi
802 718 933 754 infideli
957 717 1072 753 debita
1090 742 1098 758 ,
1135 716 1246 752 statim
1271 729 1374 764 atque
1402 718 1618 753 convertitur
1655 717 1699 753 ad
1732 716 1858 754 fidem.

233 773 355 812 eximi,
381 769 464 805 sicut
482 769 592 804 statim
608 781 712 817 atque
739 780 828 803 unus
849 767 1036 814 conjugum
1051 765 1094 801 ad
1111 765 1214 800 fidem
1228 766 1457 808 convertitur,
1485 767 1664 803 vinculum
1680 767 1859 803 matrimo-

232 822 282 857 nii
302 818 435 857 dissolvi
450 819 587 855 dicitur.

385 872 514 911 Quarta
530 869 621 902 ratio
637 864 834 901 Bellarmini
851 861 1021 912 ejusmodi
1036 859 1095 898 est.
1146 860 1292 905 Quando
1310 872 1409 911 regu
1427 871 1462 899 et
1481 865 1658 912 principes
1689 865 1736 900 ad
1760 866 1859 900 eccle-

223 920 308 968 fiam
323 921 487 953 veniunt,
514 926 553 952 ut
571 916 746 961 christiani
758 914 869 958 fiant,
895 915 1112 961 recipiuntur
1128 912 1313 958 cumpaffo
1331 913 1484 960 exprqffo
1503 915 1557 950 vel
1577 918 1701 956 tacito,
1727 925 1767 950 ut
1781 926 1860 963 reg-

233 981 276 1004 na
286 971 349 1012 sua
361 965 566 1013 subjiciant,
595 965 738 1012 Christo,
766 975 800 1000 et
812 966 1041 1013 polliceantur
1050 963 1090 1007 se
1110 961 1233 1008 Christi
1244 960 1347 1003 fidem
1369 964 1568 1008 servaturos
1590 973 1623 999 et
1645 964 1859 1009 defensuros,

234 1020 335 1054 etiam
352 1014 411 1060 sub
427 1027 536 1062 poena
555 1018 658 1063 regni
670 1014 866 1061 perdendi;.
883 1025 965 1062 ergo
983 1010 1118 1061 qnando
1129 1012 1215 1056 funt
1232 1012 1413 1053 haeretici,
1441 1022 1504 1049 aut
1529 1015 1697 1062 religioni
1719 1013 1856 1059 obsunt,

229 1067 368 1115 poffunt
383 1064 423 1100 ab
443 1065 565 1112 ecclcfia
575 1064 749 1111 judicari,
777 1074 878 1113 atque
897 1066 999 1099 etiam
1017 1063 1146 1108 deponi
1159 1075 1181 1095 a
1193 1063 1406 1108 principatu.

361 1113 588 1160 ›Respondeo
603 1113 742 1161 primo,
768 1112 968 1162 hujusmodi
986 1110 1126 1159 pastum
1145 1110 1496 1157 inauditumprot'sus
1517 1110 1599 1150 ess'e,
1633 1124 1693 1147 nee
1717 1112 1753 1147 in
1778 1110 1862 1158 bap-

234 1163 337 1201 tismo
355 1175 415 1200 aut
431 1166 697 1210 inauguratione
717 1164 915 1213 cujusquam
933 1165 1026 1209 regis
1053 1159 1202 1207 expresse
1231 1172 1290 1195 aut
1308 1162 1413 1196 tacite
1443 1160 1574 1197 fastum
1594 1161 1721 1198 haberi
1745 1160 1859 1209 posse:

233 1227 330 1261 reges
347 1213 504 1258 equidem
521 1215 563 1249 ad
580 1213 786 1260 baptismum
803 1214 1015 1250 accedentes.
1043 1211 1188 1248 solemni
1204 1208 1414 1247 sacramento
1433 1210 1516 1247 ficut
1534 1224 1566 1247 et
1585 1212 1718 1247 caeteri
1745 1212 1858 1247 homi·

235 1277 293 1299 nes
313 1262 345 1298 se
363 1262 578 1309 obstringunt
596 1264 638 1298 ad
655 1263 758 1298 fidem
775 1262 903 1299 Christi
921 1262 1135 1300 servandam,
1164 1258 1220 1295 sed
1241 1259 1302 1295 sub
1322 1263 1444 1307 poenis
1463 1273 1595 1297 tantum
1613 1260 1859 1308 spiritualibus.

235 1315 259 1348 ii
275 1313 316 1351 ab
337 1326 373 1346 ea
391 1311 594 1346 defecerint:
620 1313 721 1347 nullo
751 1325 862 1347 autem
883 1311 986 1357 pasto
1012 1311 1072 1345 sub
1099 1321 1210 1354 poena
1235 1308 1480 1355 depositionis,
1514 1311 1720 1356 privationis
1750 1310 1860 1346 bono-

236 1375 335 1399 rum,
360 1367 418 1396 aut
437 1361 500 1395 alia
517 1359 715 1409 hujusmodi
725 1373 739 1406 ,-
759 1361 880 1395 deinde
897 1359 953 1395 etsi
971 1371 1067 1404 reges
1083 1356 1179 1391 forte
1196 1357 1391 1403 hujusmodi
1404 1359 1648 1394 sacramentum
1665 1360 1861 1395 emitterent

237 1414 272 1448 in
290 1409 460 1458 baptismo
479 1411 532 1446 vel
548 1411 814 1456 inauguratione
831 1409 907 1447 sua,
927 1409 953 1455 fi
968 1423 987 1444 a
1000 1407 1074 1450 fide
1092 1407 1275 1451 defecero,
1300 1417 1365 1442 aut
1382 1409 1539 1453 ecclesiam
1550 1409 1754 1454 'deseruerof
1779 1420 1862 1458 reg-

237 1474 313 1498 num
335 1470 367 1496 et
385 1464 493 1496 vitam
513 1463 676 1496 amittam.
727 1463 761 1496 Si
778 1461 853 1506 quis
868 1485 877 1497 ‚
912 1460 1072 1506 inquam,
1100 1456 1174 1490 istis
1199 1455 1279 1490 usus
1296 1455 1376 1491 esset
1401 1458 1513 1492 verbis
1545 1459 1582 1493 in
1607 1457 1776 1506 baptismo
1801 1469 1862 1495 eut

237 1512 516 1558 inauguratione,
544 1523 613 1545 non
630 1522 813 1556 propterea
830 1508 940 1555 posset
956 1508 999 1543 ab
1017 1504 1149 1541 ecclefia
1172 1505 1317 1550 deponi,
1345 1504 1368 1539 fi
1393 1503 1486 1542 fieret
1510 1507 1699 1544 haereticus
1726 1519 1785 1543 aut
1811 1520 1861 1543 ec-

239 1560 370 1596 clesiam
389 1559 573 1599 desereret,
599 1561 678 1603 quia
694 1559 777 1593 haec
793 1559 879 1593 nihil
897 1557 990 1593 aliud
1009 1555 1086 1590 sunt
1105 1566 1207 1598 quam
1235 1554 1456 1600 imprecatio,
1484 1568 1550 1600 qua
1579 1557 1645 1592 Dei
1672 1555 1861 1593 vindis-hm

241 1613 276 1646 in
295 1622 395 1657 caput
411 1609 508 1643 suum
526 1618 654 1645 armat,
681 1621 751 1644 non
769 1620 880 1643 autem
896 1606 1092 1654 potestatem
1111 1605 1167 1638 dat
1184 1603 1276 1640 aliis,
1304 1615 1341 1638 ut
1359 1616 1466 1650 regno
1484 1607 1653 1652 privetur.
1671 1634 1680 1647 2
1830 1646 1833 1649 ,

392 1660 522 1703 Quinta
541 1670 572 1692 et
592 1658 713 1699 ultima
733 1659 818 1693 ratio
837 1656 1034 1693 Bellarmini
1055 1655 1136 1690 haec
1161 1650 1223 1694 est,
1258 1664 1338 1688 cum
1365 1656 1467 1690 Petro
1493 1654 1626 1691 ἀὶᾶιιεη
1649 1653 1696 1691 est
1714 1656 1860 1705 Joannis

243 1720 298 1746 21.
325 1710 423 1754 Pasce
440 1720 515 1743 ovet
535 1720 641 1749 meas,
669 1707 742 1742 dna
762 1708 806 1742 est
825 1709 856 1742 ei
874 1709 988 1743 omnis
1007 1705 1169 1741 facultas,
1197 1715 1282 1748 quae
1307 1703 1483 1740 necessaria
1501 1704 1547 1740 est
1563 1704 1694 1753 pastori
1714 1706 1756 1742 ad
1783 1717 1860 1753 gre·

241 1771 320 1807 gem
334 1757 519 1803 tuendum3
548 1756 604 1792 sed
630 1756 760 1804 pastori
779 1757 956 1793 necessaria
973 1755 1018 1793 est
1034 1751 1184 1804 potestas
1215 1752 1350 1799 triplex.
1404 1755 1539 1799 Prima,
1565 1757 1654 1793 circa
1671 1756 1791 1802 lupoe,
1817 1763 1859 1792 ut

241 1822 293 1845 eos
313 1817 425 1844 arceat
443 1811 532 1843 omni
550 1810 701 1845 ratione,
727 1821 792 1856 qua
808 1811 938 1855 poterit
947 1821 961 1853 ‚-
989 1808 1109 1847 altera,
1143 1803 1230 1838 circa
1252 1804 1372 1838 arietes
1388 1828 1398 1842 ‚
1424 1813 1464 1840 ut
1480 1804 1512 1852 fi
1540 1805 1671 1853 quando
1706 1803 1860 1840 cornibus

240 1859 394 1899 laedant,
416 1856 514 1905 poffit
531 1868 582 1892 eos
600 1856 790 1893 recludere:
819 1859 932 1895 tertia,
958 1859 1047 1894 circa
1064 1866 1145 1892 oves
1160 1852 1316 1898 reliquas.
1368 1853 1483 1889 Primo
1498 1856 1575 1901 lupi
1583 1855 1666 1901 sunt
1683 1855 1860 1895 haeretici.

243 1919 303 1945 etc.
333 1920 412 1957 ergo
420 1907 450 1954 fi
465 1909 626 1954 princeps
646 1909 769 1954 aliquis
786 1919 826 1942 ex
848 1920 909 1942 ove
929 1917 991 1943 aut
1008 1910 1117 1942 ariete
1136 1906 1231 1950 lupus
1242 1902 1330 1944 fiat,
1358 1903 1397 1938 id
1421 1904 1483 1950 est,
1510 1916 1551 1940 ex
1575 1904 1756 1951 christiano
1782 1905 1860 1939 bae·

246 1960 385 1997 rericus,
411 1959 541 2003 poterit
557 1956 670 2003 pastor·
686 1957 830 2003 ecclestae
853 1969 925 1991 eum
945 1968 1061 1992 arcere
1083 1966 1149 2003 per
1171 1956 1538 1989 excommunicationem
1562 1963 1598 1990 et
1611 1955 1711 2000 fimul
1731 1952 1860 2002 ‚iubere

242 2007 381 2056 populo,
409 2018 452 2040 ne
467 2018 538 2040 eum
552 2007 714 2053 sequutus⁴
728 2030 738 2044 ‚
764 2015 797 2041 et
810 2006 959 2055 proinde
973 2003 1281 2053 privare‚d0m1'²1i0
1293 2026 1302 2039 ³
1327 2002 1416 2050 quod
1432 2002 1531 2039 habet
1547 2002 1728 2047 infideles.

397 2053 622 2101 Respondeo‚
649 2057 786 2090 Petrum
801 2054 961 2103 accepisse
977 2055 1147 2103 triplicem
1164 2050 1257 2086 istam
1275 2053 1493 2097 potestatem,
1523 2054 1689 2099 quoniam
1713 2052 1761 2087 ita
1783 2049 1862 2098 pla-

249 2116 301 2141 cet
319 2104 525 2140 Bellarmino
548 2101 703 2150 pascendi
722 2106 839 2141 ovium
857 2105 1053 2151 potestatem
1072 2102 1294 2147 distinguere,
1322 2100 1377 2136 sed
1395 2100 1607 2148 spiritualem
1625 2112 1659 2138 et
1680 2102 1715 2136 in
1733 2100 1859 2136 ordine

247 2155 289 2190 ad
308 2153 512 2201 spiritualia:
540 2155 653 2198 itaque
672 2156 785 2200 potuit
809 2154 900 2202 ipse,
927 2155 1064 2203 possunt
1081 2166 1112 2189 et
1130 2152 1199 2200 ejus
1219 2149 1414 2186 successores
1431 2150 1554 2198 lupos,
1581 2151 1636 2187 vel
1658 2150 1859 2192 hssereticoso

252 2216 284 2242 et
302 2216 451 2239 errantes
466 2216 577 2238 arcere
593 2215 656 2250 per
675 2207 1083 2242 excommunicationem,
1109 2202 1164 2238 scd
1182 2200 1222 2235 ab
1250 2200 1382 2235 ecclefia
1411 2213 1481 2236 non
1513 2214 1531 2235 a
1557 2201 1711 2238 societate
1744 2200 1857 2236 civili:

253 2253 360 2302 potest
378 2253 498 2292 itidem
516 2265 575 2290 eos
592 2254 729 2302 privare
747 2254 847 2293 bonit
869 2266 900 2292 et
915 2255 1159 2293 communione
1176 2253 1211 2286 in
1231 2249 1466 2298 spiritualibus
1478 2276 1486 2292 ‚
1513 2263 1584 2288 nou
1618 2252 1732 2286 autem
1756 2249 1858 2284 bonis

1723 2309 1811 2334 tern-
