1982 2739
313 194 381 236 15⁶
531 187 604 224 DE
630 183 899 229 ANTIQVA
924 178 1230 216 ECCLESIAE
1255 176 1589 213 DISCIPLINA

264 278 367 316 Unde
385 274 455 323 ipse
473 273 628 321 queritur
647 282 791 307 numero
811 282 842 313 7.
870 276 930 304 aut
957 270 996 303 in
1019 277 1088 302 mea
1111 264 1271 301 cathedra
1289 263 1411 310 sedere
1429 262 1538 301 debui,
1556 272 1616 299 aut
1627 264 1790 311 episcopm
1806 262 1870 310 eſje

263 342 332 365 non
361 326 471 362 debui.
525 323 620 367 Quid
660 319 708 356 est
740 319 854 355 sedere
887 319 923 351 in
956 314 1113 352 cathedra
1145 313 1206 350 nifi
1240 310 1568 350 administrationem
1601 312 1754 348 ecclesiae
1790 311 1871 350 suae

261 376 412 415 habere?

412 422 518 459 Addit
534 417 754 467 Augustinus
763 415 831 456 ista,
851 426 938 460 quae
956 413 1053 448 nobis
1074 411 1191 460 objicit
1206 413 1325 457 Lupus
1344 410 1431 458 quast
1448 422 1532 445 nunc
1541 408 1658 454 sedeat
1675 408 1734 454 nisi
1753 410 1790 443 in
1798 411 1876 453 Jua,

263 484 406 523 propter
422 475 480 509 hoe
497 474 583 508 enim
601 472 671 505 loca
691 469 751 503 illa
777 466 883 502 eidem
911 463 1040 510 dirmffa
1065 471 1162 511 atque
1184 461 1344 509 permtffa
1363 463 1464 504 sunt.
1515 461 1553 493 in
1578 456 1697 506 quibus
1721 467 1754 492 et
1777 460 1876 504 prius

265 528 433 571 episcopus
449 529 542 560 erat,
570 531 609 554 me
627 522 663 553 in
677 518 819 552 alienam
836 513 1028 550 cathedram
1045 521 1162 546 contra
1177 512 1298 552 llatuta
1315 519 1452 556 patrum
1470 508 1658 543 translatus
1679 507 1802 542 illicite
1824 508 1880 541 vi.

265 574 401 610 deutur.
454 572 614 613 Quorum
632 565 817 601 verborum
833 563 1001 609 genuinus
1019 558 1065 595 est
1079 558 1138 594 iste
1156 558 1267 594 sensus
1279 584 1286 598 ,
1313 555 1512 604 permilsum
1532 554 1577 590 est
1601 556 1631 590 ei
1657 555 1827 591 honorem
1846 566 1878 591 et

263 622 381 658 Iocum
401 618 555 666 episcopi
574 616 701 651 servare
719 616 754 649 in
771 611 903 649 ecclelia
920 610 995 648 sua,
1048 610 1204 654 quamvis
1227 608 1297 655 ejus
1320 604 1613 641 administratione
1638 604 1676 639 fit
1700 606 1878 650 privatur,

264 684 307 711 ne
325 669 349 704 fi
370 670 514 704 omnino
533 665 626 701 foret
642 663 773 700 ecclesia
790 662 847 697 sua
863 660 989 708 ejestus
1001 658 1195 703 aliusquein
1214 658 1284 704 ejus
1301 656 1415 691 locum
1436 654 1654 695 substitutus,
1681 653 1811 688 servato
1829 653 1879 688 ni-

263 719 450 756 hilominus
480 715 692 763 episcopatus
709 713 858 749 honore,
884 709 925 745 ad
945 707 1111 743 ecclesiam
1132 707 1235 746 illam,
1253 707 1295 741 ad
1312 718 1414 750 quam
1429 705 1606 744 accederet,
1625 704 1802 738 translatus
1816 701 1881 738 esse

264 768 448 805 videretur.
500 768 548 801 Ex
568 765 622 799 his
642 762 865 807 intelligitur,
892 770 994 804 quam
1012 756 1097 791 male
1114 756 1194 791 haec
1216 756 1314 790 verba
1339 754 1505 799 intellignt
1520 755 1652 799 Lupus.

414 819 492 852 Nec
510 812 632 849 melius
660 810 785 858 probat
809 801 1136 844 administrationem
1162 803 1357 839 Fuffnlenfis
1391 801 1538 838 ecclesiae
1568 802 1608 837 ad
1637 799 1880 847 Augustinum

267 879 337 903 non
355 863 487 902 rediisse
506 877 544 898 ex
561 863 614 897 his
632 861 733 909 hujus
751 856 910 905 epistolae
927 856 1058 891 verbis:
1110 854 1242 900 Fuffala
1259 854 1389 888 dicitur
1407 854 1587 888 territorio
1599 850 1813 897 Hyppvnenfi
1829 852 1880 885 vi-

268 920 380 952 cinum
396 914 566 960 castellum.
618 912 731 946 Antea
748 908 799 943 ibi
817 917 983 953 nunquam
1003 904 1162 950 episcopus
1175 905 1276 947 fuit5
1295 902 1359 946 sed
1365 902 1463 948 simul
1484 913 1553 936 cum
1575 903 1733 947 contigua
1741 898 1809 946 fibi
1829 910 1882 940 reg-

266 968 370 1015 gione
391 963 436 998 ad
450 963 638 1010 paroeciam
655 955 880 1004 Hipponensis
899 953 1044 998 ecclesiae
1057 950 1264 998 pertinebat.
1315 950 1479 993 Diserte,
1505 950 1617 992 inquit
1641 952 1780 992 Lupus,
1817 948 1882 984 ad.

263 1014 384 1056 firmat
404 1009 607 1057 pertinutffe
624 1019 687 1042 non
699 1008 882 1051 pertinere.
934 999 1137 1046 Respondeo
1155 998 1235 1032 haec
1255 997 1364 1032 dicere
1387 996 1648 1042 Augustinurn‚
1684 997 1764 1040 quia
1787 996 1876 1032 scili.

266 1072 322 1096 cet
336 1059 510 1106 agebatur,
527 1069 569 1091 an
586 1055 767 1092 Antonius
785 1053 857 1099 ejus
872 1048 1163 1086 administratione
1183 1044 1271 1081 reste
1283 1048 1437 1092 privatus
1455 1044 1563 1087 foret3
1591 1044 1674 1079 adde
1688 1044 1782 1089 quod
1799 1044 1881 1080 haec

267 1106 516 1146 administratio
532 1105 574 1140 ad
591 1116 668 1140 eum
686 1100 879 1149 pertinebat
902 1100 922 1118 ⁴¹*
945 1111 1078 1134 rantum
1088 1096 1129 1131 ad
1148 1108 1298 1142 tempus,
1311 1096 1417 1130 donec
1432 1093 1764 1130 viveretAutonius.
1813 1093 1881 1130 Ad

267 1159 317 1197 id,
335 1157 428 1204 quod
444 1156 632 1203 objecimus
650 1166 688 1187 ex
697 1150 839 1198 epistola
855 1148 1049 1195 Augustini
1065 1146 1105 1181 ad
1125 1145 1404 1188 Quodvultdeum
1423 1157 1511 1178 nunc
1529 1156 1607 1185 ²24·
1629 1142 1773 1189 intelligi
1785 1155 1882 1189 pres·

270 1208 431 1255 byterum
449 1202 698 1242 Fuffalensem,
725 1212 827 1244 quem
855 1197 1069 1233 commendat
1098 1194 1344 1237 Quodvultdeo
1369 1193 1411 1228 ad
1435 1194 1505 1239 ejus
1530 1205 1645 1237 curam
1670 1190 1878 1238 pertinuisse.

268 1255 463 1301 Respondet
485 1251 695 1287 Christianus
714 1251 834 1292 Lupus
853 1259 890 1280 ex
908 1245 976 1280 sela
995 1244 1152 1278 charitate
1170 1241 1348 1275 christiana
1372 1239 1576 1285 pertinuisse.
1629 1241 1738 1284 quue
1764 1238 1880 1277 suadet

270 1317 311 1340 ex
328 1305 383 1338 his
399 1301 510 1336 verbis
535 1301 570 1333 in
592 1298 659 1332 fine
684 1294 852 1341 epistolae.
904 1294 985 1327 Non
1009 1295 1094 1325 enim
1117 1290 1284 1336 poffumus
1302 1289 1495 1336 neceffitates
1517 1289 1684 1323 hominum
1710 1288 1878 1333 deserere,

268 1356 327 1403 qui
344 1351 447 1398 nostri
473 1361 536 1385 non
555 1349 677 1385 coloni,
705 1344 767 1390 sed
787 1342 878 1390 quod
902 1342 1007 1387 majus
1033 1339 1097 1386 est,
1121 1341 1258 1384 fratres
1271 1339 1355 1382 sunt
1377 1340 1414 1372 in
1430 1338 1596 1372 charitate
1614 1337 1737 1383 Christi
1755 1337 1802 1371 ad
1821 1349 1878 1372 cu-

269 1414 342 1437 ram
356 1401 533 1448 pertinent
550 1396 701 1443 nostram.
754 1396 833 1427 Hoc
852 1389 898 1425 est
915 1401 983 1423 tam
1002 1400 1095 1424 tuam
1114 1399 1215 1431 quam
1229 1397 1359 1423 meam,
1384 1398 1455 1420 non
1475 1386 1564 1420 enirn
1581 1385 1621 1420 de
1636 1383 1670 1420 se
1688 1385 1879 1422 tantumlo-

269 1451 387 1495 quitur
404 1444 643 1492 Augustinus3
669 1442 724 1478 sed
742 1441 782 1477 de
802 1438 1044 1484 Quodvultdeo
1062 1447 1092 1472 et
1117 1435 1191 1469 aliis
1215 1431 1402 1480 episcopis,
1421 1436 1480 1479 qui
1505 1434 1725 1482 presbyteros
1753 1432 1878 1472 fratres

270 1500 349 1535 suos
364 1497 523 1544 adjuvare
540 1504 710 1530 tenentur.
760 1490 816 1527 At
841 1489 919 1524 inde
945 1487 1060 1531 colligi
1082 1484 1224 1519 minime
1250 1481 1361 1528 potest
1381 1483 1624 1530 presbyterum
1646 1483 1744 1518 illum
1761 1481 1877 1520 Fussa-

267 1547 396 1584 lensem
412 1559 481 1581 non
500 1541 695 1592 pertinuisse
711 1539 751 1575 ad
768 1536 958 1585 Augustini
975 1545 1090 1571 curam
1109 1531 1243 1578 speciali
1263 1530 1406 1576 quadam
1423 1534 1562 1568 ratione.
1615 1535 1690 1567 lmo
1708 1545 1785 1568 cum
1796 1545 1877 1570 eum

268 1595 498 1634 commendet,
517 1595 616 1638 eique
630 1590 827 1627 deferendas
847 1585 1003 1633 epistolas
1023 1582 1148 1622 tradat,
1174 1580 1305 1626 signum
1325 1579 1369 1615 est
1397 1580 1495 1615 illum
1520 1580 1709 1616 dioeceseos
1734 1583 1878 1628 Hippo-

269 1645 379 1682 neniis
398 1642 505 1680 fuiffe.
559 1646 608 1678 Ut
622 1653 660 1676 ut
677 1639 724 1681 fit,
746 1638 785 1673 ad
802 1633 1020 1684 propositum
1039 1633 1099 1667 ista
1114 1630 1166 1665 vel
1185 1630 1290 1670 nihil,
1344 1629 1394 1664 vel
1420 1642 1541 1676 parum
1568 1621 1709 1667 faciuiit,
1760 1631 1878 1667 Osten.

270 1696 421 1731 «lendum
439 1694 529 1729 enim
548 1689 662 1727 fuisset
679 1685 870 1726 Christiano
888 1688 989 1729 Lupo
1008 1682 1144 1728 primo,
1169 1678 1320 1716 Antonii
1334 1680 1615 1725 provocationem
1624 1679 1664 1715 ab
1674 1677 1780 1715 Afris
1794 1692 1875 1726 pro·

269 1745 381 1781 batam
400 1741 508 1779 fuisse.
559 1740 734 1778 Secundo,
760 1736 923 1783 judicium
940 1738 1111 1769 Romanae
1128 1729 1212 1764 sedis
1231 1726 1431 1764 exsecutioni
1447 1729 1666 1771 mandatum,
1715 1727 1772 1764 scd
1792 1742 1877 1766 neu.

268 1805 360 1831 trum
378 1791 513 1839 probat,
529 1803 590 1826 nec
612 1800 758 1834 unquam
769 1784 917 1832 probare
937 1782 1075 1829 poterit.

419 1841 486 1876 H'is
505 1843 538 1875 in
560 1835 759 1874 antecessum
781 1831 966 1881 praemiffis
984 1830 1107 1866 accedit
1126 1824 1337 1864 Christianus
1352 1827 1472 1872 Lupus
1489 1826 1530 1861 ad
1548 1824 1711 1862 celebrem
1728 1825 1876 1873 Apiarii

270 1891 401 1929 oausam
413 1917 422 1930 ‚
451 1890 490 1924 de
506 1890 566 1925 hac
584 1888 657 1923 fuse
675 1885 799 1922 disserit
816 1883 941 1929 septem
960 1893 1017 1915 aut
1039 1878 1118 1915 osto
1133 1875 1317 1924 capitibus,
1355 1887 1386 1909 et
1411 1886 1520 1910 tamen
1543 1878 1577 1910 in
1595 1877 1636 1910 iis
1657 1877 1756 1911 etiam
1775 1877 1878 1912 adcu-

275 1953 345 1978 rate
363 1937 520 1986 perleffls
540 1937 761 1974 nihilinveni,
782 1932 875 1978 quod
891 1932 979 1967 mihi
997 1927 1176 1964 necessario
1198 1924 1416 1961 refutandum
1438 1924 1535 1961 effer:
1572 1924 1698 1960 fatetur
1722 1927 1814 1960 enim
1839 1926 1877 1961 id

273 1990 364 2035 quod
383 1989 620 2025 contendimus
637 1985 826 2023 Aurelium
845 1993 876 2015 et
892 1978 1084 2017 Africanos
1102 1973 1270 2025 praesules
1294 1976 1326 2008 in
1347 1973 1486 2019 epistola
1507 1974 1548 2010 ad
1574 1971 1798 2009 Coelestinum
1818 1973 1877 2010 ηρ.

272 2038 387 2081 tuisse,
421 2050 464 2072 ne
489 2038 694 2084 provocatio
719 2032 813 2069 fieret
839 2031 875 2065 in
898 2028 998 2066 caufis
1023 2040 1096 2064 tum
1123 2025 1321 2062 clericorum
1340 2035 1412 2059 tuin
1431 2023 1676 2071 episcoporum
1695 2023 1734 2059 ad
1753 2026 1874 2060 Romn-

1735 2085 1824 2108 num

310 2211 328 2233 Ο
346 2208 409 2240 Non
426 2208 498 2254 quod
517 2208 630 2243 proprie
645 2205 804 2237 ruiraxenfis
821 2205 921 2233 trassus
939 2202 1004 2233 esset
1022 2199 1176 2229 dioeceseos
1193 2199 1280 2231 uuus,
1303 2197 1349 2225 sed
1367 2195 1431 2233 quia
1445 2193 1486 2225 ad,
1498 2198 1606 2230 tempus
1621 2193 1648 2222 ei
1663 2193 1800 2223 commissa
1816 2193 1876 2222 {u-

368 2255 412 2281 un
428 2257 486 2287 qu:
501 2258 574 2279 cun.
