1961 2718
300 206 368 249 326
519 198 591 235 DE
623 196 891 239 ANTIQVA
925 192 1210 229 ECCLESIAE
1247 191 1588 229 DISCIPLINA

242 291 403 336 fideliter
428 288 649 335 conscriptum
669 288 758 333 fuit.
813 284 868 321 Ex
894 284 952 319 hoc
978 280 1087 318 codice
1104 280 1200 328 juffu
1226 279 1409 328 Bafileenfis
1429 282 1552 329 synodi
1578 294 1618 318 ex
1639 285 1770 331 scripto
1798 285 1860 326 Jo.
1906 312 1909 313 γ

252 354 357 377 annes
382 339 520 389 quidam
536 336 673 374 Habert
697 347 737 371 ex
763 333 938 380 Inderdof-
951 333 1069 377 sacrae
1094 333 1283 380 theologiae
1309 329 1539 367 baccalaureus
1566 335 1690 379 copiam
1714 336 1862 380 propria

253 403 353 426 manu
381 389 545 428 extraxit,
571 396 606 423 ct
629 387 720 423 haec.
746 396 828 433 quae
855 396 910 419 an.
937 395 1026 425 1499.
1053 381 1099 416 ad
1123 381 1370 427 Hieronymum
1398 379 1440 414 de
1458 381 1600 416 Crooria
1618 383 1711 428 juris
1737 385 1864 419 utrius.

255 453 317 489 que
343 439 507 475 dofforem
526 435 714 484 speflabat.
767 433 893 469 Eodem
916 444 1004 467 anno
1029 433 1121 479 typis
1145 430 1308 465 mandata
1323 428 1368 475 est
1386 430 1424 463 in
1447 431 1620 475 imperiali
1646 432 1772 478 oppido
1788 433 1870 468 Ha.

253 501 376 539 genou.
429 487 527 522 Haec
551 485 646 524 sunt.
682 496 768 529 quae
796 483 838 519 de
864 480 1020 518 afiorum
1042 492 1075 524 4.
1102 478 1248 514 seffionis
1276 478 1451 513 vitiatione
1476 475 1575 513 affert
1599 476 1658 513 iste
1682 482 1862 521 recentior.

257 551 343 583 quae
360 537 499 583 quidem
517 547 549 571 et
566 547 652 570 vana
668 532 743 575 effe,
772 544 804 568 et
821 530 947 569 etiarnsi
965 542 1046 566 vera
1065 529 1173 571 effent,
1200 540 1367 574 quantum
1385 527 1450 574 ipsi
1467 538 1502 563 et
1519 527 1590 575 ejus
1608 526 1714 576 scopo
1731 530 1865 566 inutilia

254 589 334 629 iiiit,
361 598 465 621 nemo
481 597 554 620 non
569 583 817 619 animadvertit.
1803 575 1808 579 ’

409 636 564 671 Primum
582 633 689 675 enim,
717 630 844 667 etiamst
862 628 1010 666 sessionis
1028 640 1062 671 4.
1083 628 1217 663 decreto
1242 625 1400 662 nonnihil
1418 626 1576 663 additum
1602 625 1664 663 effe
1689 625 1863 669 constaret.

260 685 344 734 quid
364 683 489 731 quaeso
507 684 589 719 inde
602 684 810 719 lucraretur,
836 693 912 716 cum
933 691 1062 714 certum
1087 677 1143 719 fit,
1173 675 1312 722 ipseque
1331 688 1401 711 non
1422 673 1605 712 diffiteatur
1621 675 1863 719 schelestratus,

256 736 375 773 eadem
390 735 534 771 omnino
551 733 655 768 verba
668 731 808 766 sessione
830 742 858 773 ς,
879 728 1008 768 haberi,
1035 727 1153 771 ibique
1168 725 1297 773 adjessia
1316 725 1382 760 dici
1403 726 1548 760 minime
1566 724 1671 772 posse,
1698 738 1776 761 cum
1793 726 1867 762 ubi-

261 799 327 831 que
342 797 445 830 atque
463 785 498 818 in
517 782 598 829 ipsis
616 780 687 816 mss'.
707 781 748 814 ab
766 792 804 814 eo
821 778 963 813 laudatis
982 778 1207 822 reperiantur.
1261 776 1358 809 Dicet
1374 771 1476 815 forte,
1498 775 1666 810 minorem
1681 773 1744 810 ess‘e
1760 774 1868 812 seffio.

257 838 313 870 nis
333 848 362 880 5.
384 845 486 880 quam
504 845 539 874 4.
553 831 788 866 autoritatem,
815 839 915 871 atque
933 828 967 860 in
987 826 1044 860 ilia
1065 824 1240 858 communi
1259 822 1423 857 consensu
1448 824 1643 860 decretum,
1670 824 1771 859 hocce
1798 838 1869 860 non

257 885 320 919 ess'e
341 885 490 920 editum,
515 879 572 914 sed
589 880 655 914 hoc
673 878 721 912 illi
745 876 911 922 effugium
930 874 1036 909 modo
1061 872 1338 919 praecludemu53
1366 872 1504 905 interim
1531 883 1660 906 certum
1684 884 1817 908 maneat
1839 885 1871 909 et

260 933 512 969 indubitatum,
541 942 558 963 a
575 927 718 963 concilio
729 923 972 962 Constantienfi
993 922 1080 957 istud
1103 924 1277 967 integrum
1297 921 1338 959 de
1357 922 1537 960 autoritate
1552 920 1688 957 concilii
1706 923 1870 969 generalis

262 984 434 1018 decretum
454 977 514 1013 effe
528 978 676 1017 editum,
704 974 728 1009 si
752 988 822 1010 non
844 973 982 1009 sessione
999 986 1031 1015 4.
1047 971 1161 1007 {altem
1181 967 1316 1006 seffione
1341 982 1370 1013 5.

410 1028 570 1064 ,Secundo
594 1026 733 1066 demus,
756 1023 868 1059 abess'e
890 1023 934 1059 ab
959 1020 1024 1057 isto
1048 1022 1186 1057 decreto
1209 1020 1292 1054 haec
1314 1017 1436 1059 verba,
1461 1020 1500 1054 in
1526 1020 1570 1054 iis
1572 1045 1590 1062 ³
1613 1031 1699 1068 quae
1715 1019 1874 1068 speft'ant

260 1082 536 1129 reformationem
553 1076 746 1125 generalem
756 1074 921 1120 ecclesiae,
943 1082 1008 1108 etc.
1035 1072 1197 1107 autoritas
1217 1069 1352 1104 concilii
1371 1067 1536 1114 generalis
1552 1067 1656 1115 supra
1672 1082 1778 1116 papas
1796 1069 1873 1107 satis

259 1145 294 1167 et
311 1129 444 1165 abunde
467 1127 634 1162 stabilitur
650 1124 931 1171 praecedentibus
949 1121 1059 1159 hisce,
1085 1121 1172 1170 quod
1191 1120 1266 1166 ipsa
1277 1118 1424 1166 synodus
1441 1120 1477 1153 in
1497 1121 1632 1164 spiritu
1650 1120 1768 1164 sanft'o
1784 1121 1873 1169 legi.

261 1185 342 1217 time
361 1188 571 1226 congregata
586 1176 749 1224 generale
766 1175 933 1209 concilium
947 1174 1082 1218 faciens
1109 1170 1267 1217 ecclesiam
1291 1168 1482 1203 catholicam
1508 1170 1710 1204 militantem
1735 1180 1873 1216 reprae.

258 1232 396 1275 sentam
408 1227 599 1273 potestatem
617 1237 636 1259 a
652 1223 779 1269 Clzrzsto
800 1221 991 1257 immediate
1013 1219 1131 1257 habet.
1168 1222 1222 1254 cui
1250 1216 1393 1266 quilibet
1417 1219 1646 1264 cujuscumque
1665 1218 1792 1263 status,
1819 1220 1874 1254 vel

261 1278 452 1324 dign-itatis
470 1273 594 1319 etiamst
607 1273 742 1319 papalis
763 1272 901 1315 exiliat,
941 1269 1077 1303 obedire
1103 1277 1252 1304 tenetur.
1329 1264 1454 1299 Inutile
1479 1264 1525 1298 est
1549 1277 1632 1310 ergo
1658 1265 1875 1303 Schelestrato

266 1315 460 1363 ostendere,
484 1321 656 1366 sequentia
674 1321 713 1354 de
726 1319 970 1354 reformatione
987 1316 1090 1350 verba
1108 1316 1170 1349 esse
1186 1311 1337 1361 adjesta,
1363 1325 1442 1347 curn
1460 1325 1528 1346 non
1545 1315 1660 1348 minus
1685 1327 1723 1349 ex
1744 1328 1875 1361 praece.

266 1374 424 1410 dentibus
440 1372 603 1406 autoritas
618 1369 755 1404 concilii
769 1366 933 1412 generalis
953 1364 1053 1411 supra
1075 1376 1203 1410 papam
1226 1360 1405 1397 adseratur.
1457 1364 1552 1397 Nam
1575 1361 1599 1396 fi
1626 1364 1790 1407 quilibet.
1816 1377 1876 1400 cu-

266 1426 467 1470 ‘luscumque
486 1421 660 1464 dignitatis
678 1417 735 1458 fit,
760 1417 784 1451 fi
802 1415 872 1462 ipse
890 1427 994 1460 papa,
1020 1414 1225 1447 nominatim
1246 1422 1380 1445 tenetur
1399 1409 1537 1446 obedite
1561 1412 1706 1448 concilio
1725 1414 1876 1459 generali

267 1470 457 1509 universam
478 1467 647 1504 ecclefiam
664 1464 924 1512 repraesentanti
937 1488 945 1501 ‚
975 1463 1051 1506 quis
1069 1461 1203 1496 dubitet
1223 1459 1389 1505 majorem
1406 1457 1467 1493 effe
1486 1460 1589 1508 hujus
1608 1473 1711 1506 quam
1735 1464 1874 1511 cujusli-

266 1525 343 1563 bet,
369 1532 471 1565 atque
488 1517 591 1564 ipsius
611 1528 721 1564 papae
735 1511 980 1549 autoritatem?

417 1569 561 1608 Tertio,
589 1567 669 1601 haec
691 1563 794 1599 verba
812 1560 875 1598 effe
899 1560 1013 1595 addita
1030 1554 1224 1592 nullatenus
1251 1555 1296 1591 est
1320 1555 1510 1592 verisimile.
1563 1559 1719 1595 Primum
1734 1561 1824 1595 enim
1842 1562 1878 1597 id

267 1622 392 1660 adserit
414 1630 532 1654 contra
552 1616 743 1651 editionum
769 1613 925 1648 omnium
953 1603 1359 1644 conciliiConstantienfis
1383 1605 1486 1641 fidem
1511 1618 1610 1652 atque
1633 1610 1733 1644 etiam
1759 1621 1879 1646 contra

268 1671 342 1710 mss.
363 1670 529 1707 omnium,
540 1666 580 1700 ad
600 1676 681 1711 quas
699 1663 863 1698 editiones
884 1658 1059 1694 recensitae
1078 1655 1171 1695 sunt,
1199 1653 1320 1694 fidem,
1349 1656 1385 1690 in
1410 1655 1535 1700 quibus
1555 1658 1715 1693 omnibus
1736 1659 1877 1696 habetur

273 1725 447 1759 decretum
467 1716 602 1752 senione
622 1728 655 1758 4.
676 1725 752 1748 cum
781 1714 839 1747 hac
867 1710 1042 1744 additione
1067 1716 1102 1741 et
1117 1705 1166 1740 ad
1183 1708 1469 1750 reformationem,
1483 1706 1550 1743 &a
1604 1707 1708 1751 Quod
1736 1721 1818 1744 vero
1842 1711 1877 1744 in

273 1769 478 1817 quibusdam
497 1779 566 1800 non
585 1765 726 1799 habetur
746 1763 790 1797 ad
812 1761 930 1803 sidem,
960 1757 1046 1794 nihil
1063 1755 1102 1791 nd
1123 1752 1340 1800 propositum
1359 1754 1566 1790 Schelestrati
1583 1758 1758 1794 conducin
1806 1760 1876 1793 De-

272 1822 352 1857 inde
371 1820 462 1854 idem
487 1814 651 1851 adseritur
673 1823 790 1847 contra
813 1809 916 1846 fidem
946 1809 1178 1856 plurimorum
1203 1804 1351 1849 opiimae
1374 1815 1473 1839 notae
1497 1805 1878 1853 antiquiffimorumque

272 1868 364 1910 mis„
392 1868 450 1913 qui
469 1868 504 1900 in
525 1864 739 1900 bibliothecis
755 1869 957 1900 occurrunt,
986 1858 1085 1892 etiam
1104 1865 1240 1893 eorum,
1267 1865 1353 1897 quae
1371 1853 1459 1889 forte
1477 1865 1550 1889 ante
1566 1854 1798 1891 Basileenfium
1817 1870 1878 1904 pa.

273 1932 365 1956 trum
385 1915 620 1952 coliettionem
640 1911 830 1956 conscripta
851 1908 938 1944 sunt.
993 1905 1087 1950 Quid
1112 1902 1228 1939 habet,
1256 1902 1351 1946 quod
1376 1902 1429 1937 his
1455 1915 1609 1950 opponat
1627 1904 1878 1945 schelestratus,

273 1971 404 2013 aliquot
421 1977 549 2000 tantum
567 1962 639 1999 mis.
659 1958 812 2008 profert,
841 1959 883 1993 de
901 1969 1049 2002 quorum
1066 1952 1262 1998 antiquitate
1279 1963 1348 1986 non
1366 1951 1511 1994 constat,
1541 1965 1572 1989 et
1594 1954 1732 1999 quidem
1760 1967 1777 1990 e
1801 1955 1879 1992 loeo

276 2015 431 2064 snspeeio
447 2014 650 2059 deprompta
671 2011 734 2048 est,
761 2008 978 2044 bibliothecis
995 2005 1117 2040 scilicet
1134 2001 1228 2037 urbis
1243 2004 1388 2041 Romae,
1425 2004 1460 2036 in
1487 2015 1630 2047 quarum
1652 2003 1722 2039 mfl‘.
1749 2015 1880 2041 certum

277 2069 338 2105 est,
380 2066 540 2112 pleraque
568 2073 707 2097 eorum.
747 2071 832 2103 quae
855 2058 967 2092 curiae
982 2059 1152 2091 Romanae
1179 2049 1309 2096 placitis
1335 2050 1595 2087 adversabantur
1620 2051 1681 2087 effe
1709 2052 1800 2087 erasa
1824 2065 1882 2090 aut

280 2116 405 2154 omiisa.
459 2112 521 2147 Sed
543 2111 680 2149 demus,
710 2109 751 2142 de
778 2105 940 2142 industria
963 2103 1091 2140 fastum
1110 2100 1143 2136 id
1169 2112 1237 2134 non
1265 2098 1343 2139 effe,
1369 2113 1411 2135 an
1436 2114 1505 2137 non
1531 2101 1665 2137 facilius
1690 2101 1773 2143 fuit,
1802 2103 1883 2140 haee

281 2166 387 2203 verba
403 2166 437 2199 in
457 2160 661 2207 quibusdam
683 2156 752 2193 mfl‘.
773 2157 885 2192 omitti
905 2167 1006 2201 quam
1029 2155 1065 2188 in
1085 2150 1158 2185 aliis
1186 2147 1350 2194 suppleri.

434 2215 577 2256 Quarto,
604 2208 824 2244 additamenti
842 2205 942 2251 hujus
961 2204 1047 2238 ratio
1065 2214 1081 2236 a
1097 2197 1315 2234 Schelestrato
1333 2194 1500 2244 adjunssa,
1521 2210 1589 2233 non
1605 2210 1734 2235 tantum
1754 2197 1881 2242 sistitia.

283 2265 338 2302 sed
358 2277 389 2300 et
406 2261 551 2298 absurda
567 2259 686 2308 plane3
714 2258 788 2303 quis
805 2257 897 2293 eni-m
916 2253 1037 2294 credat,
1065 2246 1258 2286 Bafileenses
1275 2259 1389 2295 patres
1407 2248 1449 2284 de
1465 2247 1646 2291 industria,
1675 2250 1755 2286 haec
1773 2248 1881 2285 seffio.

1795 2310 1831 2336 ΙΙΙ
