2022 2733
7 2260 10 2261 ’
59 2258 273 2294 divinitatir
284 2261 438 2306 expojcit.

320 193 827 235 DISSERTATIONES
855 201 1204 243 HISTORICAE.
1231 206 1392 248 stsenr.
1419 211 1465 248 Π.
1597 223 1667 260 ¹77

101 277 237 317 testatus
255 279 287 316 se
304 282 422 328 inique
438 283 621 330 judicatum
643 284 715 322 effe.
769 287 872 330 Quod
894 291 1169 335 argumentoest,
1187 298 1336 334 Leonem
1365 311 1528 337 canonem
1556 302 1647 337 hunc
1670 309 1714 340 eo

100 341 231 366 tantum
262 332 399 367 conlilio
422 333 581 374 laudasse,
616 345 652 368 ut
681 347 718 369 ex
746 348 786 370 eo
816 336 958 375 inferret
986 340 1156 388 synodum
1181 345 1244 380 effe
1261 351 1557 395 congregandam,
1585 366 1653 387 non
1677 365 1714 390 ut

99 381 281 426 probaret,
293 381 556 429 adpellationem
577 383 727 418 Flaviani
745 384 786 419 ad
803 384 835 420 se
852 386 975 425 faeiam
987 390 1173 429 secundum
1189 392 1338 434 formam
1352 401 1601 437 Sardicenfibus
1612 414 1712 439 cano-

95 429 196 465 nibus
211 432 452 478 praescriptam
465 459 473 474 ,
499 432 562 468 effe
580 433 808 481 judicandam.

245 483 360 528 Urget
376 483 464 518 idem
488 486 616 529 LupuS.
669 485 717 518 Ex
737 482 887 527 epistolis
911 497 968 528 4¹·
988 498 1046 529 42.
1071 500 1101 523 et
1116 502 1174 533 45.
1196 492 1344 538 ejusdem
1363 498 1488 533 Leonis
1516 500 1726 546 colligiturg.

93 531 244 566 Leonem
271 532 409 567 irritum
439 531 590 567 habuisse
611 530 784 566 latrocinii
803 534 961 578 Epheiini
985 536 1176 578 decretum,
1212 551 1243 575 et
1260 542 1458 580 Flavianum
1485 547 1618 595 semper
1640 564 1708 596 pro

91 580 249 628 episcopo
268 579 440 617 habuisse.-
466 581 555 616 unde
572 581 652 616 haec
668 581 850 619 concludit.
902 584 1224 632 Admittit‚1nquit,
1250 590 1414 626 Flaviani
1431 596 1707 642 adpellatiomm,

90 631 197 676 ipsum
222 631 363 676 revestit
380 634 567 677 episcopatu
580 655 588 669 ‚
608 629 727 672 firmat
743 635 779 666 in
796 635 978 682 episcopali
1000 635 1047 671 ad
1062 649 1167 673 omnes
1197 640 1339 686 ecclefias
1362 649 1603 688 communione,
1638 651 1709 695 ejus

89 680 315 727 adpellationt
331 679 392 714 dat
408 679 797 727 effeHnmsquenfivum.

236 728 461 775 Respondw,
487 732 638 764 Leonem
655 731 780 765 merito
797 730 963 779 judicium
989 731 1157 771 latrocinii
1181 737 1341 784 Ephefini
1364 740 1502 777 irritum
1529 742 1678 780 habuisse
1695 771 1705 788 ,

85 779 216 825 quippe
242 783 334 824 quod
361 791 427 825 per
450 779 521 813 vim
547 779 651 813 latum
677 776 790 816 fuerat
818 782 852 815 in
881 782 1095 820 innocentem
1116 786 1337 827 Flavianum5
1363 801 1396 825 at
1415 803 1485 826 non
1514 805 1704 838 propterea

86 828 244 864 concludi
262 826 354 874 posse
372 828 633 874 adpellationem
651 841 670 864 a
687 829 849 865 Flaviano
868 831 910 866 ad
929 835 1077 870 Leonem
1102 836 1332 883 interpofitam
1344 852 1356 875 .·
1391 852 1450 875 nec
1475 843 1565 877 enim
1584 835 1703 881 ⁸ullum

86 879 406 925 lpecialejudicium
423 878 519 919 tulit,
548 878 602 913 [ed
621 878 901 925 quandoquidem
921 894 967 922 ea,
988 896 1072 929 quae
1090 885 1178 930 gesta
1196 885 1348 926 fuerant,
1374 902 1438 935 per
1465 891 1554 932 vim,
1583 905 1701 929 etcon.

56 963 63 966 ,
80 939 130 963 tra
157 929 210 963 ius
245 926 361 973 fasque
379 927 467 973 gesta
495 926 558 962 effe
583 928 805 974 intelligebat,
833 931 992 976 poposcit
1010 947 1028 968 a
1044 935 1243 972 Theodosio
1271 937 1411 983 epistola
1437 951 1514 982 40.‚
1561 954 1599 978 ut
1623 956 1698 979 om-

84 978 139 1012 nia
155 977 188 1011 in
209 990 248 1012 eo
269 976 354 1011 statu
372 976 434 1010 effe
453 977 604 1023 juberet,
633 980 671 1011 in
690 991 751 1024 quo
770 982 916 1024 fuerant
933 991 1013 1017 ante
1030 996 1123 1018 omne
1133 986 1324 1030 judicium,
1357 988 1578 1037 donecmajor
1596 1004 1637 1027 ex
1647 1003 1700 1028 to-

83 1035 116 1062 to
133 1025 209 1061 orbe
221 1025 430 1071 sacerdotum
449 1037 602 1060 numerus
619 1036 875 1067 convocaretur,
903 1033 1076 1075 quoniam,
1103 1045 1140 1066 ut
1159 1035 1272 1078 inquit
1292 1036 1439 1080 Epistola
1456 1050 1512 1081 45.
1533 1048 1584 1075 ⁴ea
1613 1053 1696 1088 quae

81 1079 118 1111 in
134 1076 259 1122 Epheso
269 1084 382 1110 contra
392 1074 580 1120 justitiam,
607 1075 662 1108 vel
678 1087 833 1110 canonum
851 1077 1061 1124 disciplinam
1075 1093 1141 1126 per
1165 1086 1263 1118 unius
1287 1085 1427 1120 hominis
1453 1088 1697 1133 impudentiam

76 1126 171 1176 gesta
191 1133 289 1159 erant
307 1125 401 1158 nulla
422 1125 599 1158 catholicae
618 1123 707 1165 fidei
724 1127 813 1159 ratio
830 1134 908 1160 rata
927 1127 992 1172 effe
1005 1132 1233 1174 permitteret,
1285 1136 1362 1167 Nec
1385 1134 1519 1171 causam
1545 1137 1695 1175 Flaviani

82 1173 273 1213 ventilavit,
300 1183 359 1206 aut
374 1171 543 1206 revestivit
562 1184 640 1205 eum
657 1171 872 1217 episcopatu,
899 1186 916 1206 a
934 1188 1004 1218 quo
1022 1189 1098 1210 eum
1116 1192 1185 1213 non
1213 1181 1370 1216 excidisse
1396 1195 1526 1220 certum
1552 1186 1664 1224 fuerat
1681 1214 1693 1229 ,

81 1224 160 1268 quia
175 1221 344 1269 judicium
363 1232 431 1254 erat
448 1232 510 1264 per
529 1221 599 1252 vim
618 1219 722 1252 latum
735 1243 743 1258 ,
770 1220 862 1253 nulla
878 1223 1010 1256 ratione
1024 1226 1246 1260 recusationis
1259 1229 1414 1264 Flaviani
1423 1244 1480 1266 aut
1491 1235 1692 1272 intercessio-

79 1274 132 1308 nis
156 1271 346 1317 legatorum
373 1269 496 1302 habita.
551 1268 646 1302 Hinc
664 1267 797 1302 nullum
816 1268 961 1305 dubium
980 1269 1044 1306 effe
1062 1285 1214 1318 poterat,
1243 1277 1327 1321 quin
1347 1279 1529 1315 Flavianus
1544 1282 1586 1316 ab
1618 1297 1694 1320 om-

78 1322 177 1358 nibus
196 1319 364 1366 episcopis
385 1317 462 1352 estet
479 1316 711 1363 suscipiendus
728 1317 762 1351 in
780 1321 1082 1363 communionem,
1108 1334 1141 1358 et
1156 1325 1240 1369 quin
1257 1325 1426 1372 judicium
1444 1330 1479 1362 in
1504 1329 1604 1366 illum
1641 1334 1690 1368 la-

77 1383 150 1408 tum
171 1384 238 1405 non
259 1369 363 1404 modo
382 1366 652 1414 suspendendum
668 1365 763 1408 esset,
798 1367 854 1402 sed
882 1371 982 1405 etiam
1007 1383 1075 1416 pro
1102 1373 1198 1409 nullo
1225 1385 1329 1420 atque
1355 1376 1455 1412 irrito
1479 1379 1686 1419 habendum.

77 1423 172 1458 Hinc
191 1419 347 1456 Hilarius
367 1417 529 1452 diaconus
551 1418 586 1451 in
609 1415 749 1461 epistola
765 1416 808 1451 ad
833 1417 967 1455 Gallam
994 1420 1174 1458 Placidiam
1201 1425 1266 1465 ait,
1300 1438 1371 1460 non
1397 1427 1504 1464 modo
1531 1442 1657 1475 papam
1677 1459 1687 1473 ,

77 1471 133 1508 sed
153 1482 184 1506 et
201 1481 303 1505 omne
321 1466 526 1502 occidentale
545 1466 728 1500 concilium
739 1466 984 1511 reprobaviffe‚
1009 1474 1130 1510 omnia,
1146 1486 1228 1522 quae
1243 1476 1281 1510 in
1297 1475 1424 1522 Epheso
1448 1487 1566 1513 contra
1591 1493 1688 1517 cano.

74 1534 132 1558 nes
149 1546 157 1558 ‚
185 1529 217 1554 et
234 1531 296 1566 per
314 1517 391 1552 odia
401 1517 591 1562 saecularia
609 1526 628 1547 a
645 1514 798 1559 Dioscoro
817 1519 964 1565 episcopo
978 1521 1074 1568 gesta
1084 1525 1253 1568 fuerant,
1281 1534 1316 1560 et
1332 1527 1424 1560 nulla
1440 1530 1570 1563 ratione
1589 1533 1624 1565 in
1634 1544 1687 1566 oc.

76 1571 218 1607 cidentis
235 1566 523 1614 partibassujcipi
534 1563 645 1610 p⁰ff6¹‚
673 1575 757 1611 quae
770 1571 1027 1612 perpotentiam
1043 1572 1217 1616 praediHi
1234 1573 1393 1618 Dioscori
1407 1577 1541 1622 nonfine
1552 1579 1686 1625 laesione

72 1620 190 1664 sidcis
206 1627 238 1652 et
249 1612 666 1664 praejudiciosanft'iffimi
683 1615 775 1653 viri,
803 1616 999 1664 innoxiique
1025 1622 1189 1667 commiffa
1209 1622 1389 1669 stnt.Non
1417 1624 1549 1660 rescidit
1576 1628 1688 1676 itaque

75 1673 145 1707 Leo
162 1666 331 1715 judicium
346 1662 509 1711 Ephefini
524 1661 717 1704 latrocinii,
743 1661 799 1698 sed
816 1666 1030 1712 reprobavit,
1057 1680 1096 1704 ut
1114 1671 1251 1707 irritum
1267 1684 1300 1708 et
1320 1685 1440 1709 contra
1466 1686 1611 1712 canones
1629 1692 1686 1724 ge⁴

73 1718 172 1755 stum.

222 1763 385 1811 Opponit
400 1761 546 1798 secundo
557 1759 767 1798 Christianus
786 1764 915 1807 Lupus,
933 1763 1108 1811 epistolam
1134 1767 1369 1805 Valentiniani
1391 1771 1611 1818 imperatoris
1638 1777 1682 1813 ad

71 1814 307 1854 Theodosium
320 1839 328 1854 ‚
357 1814 391 1848 in
412 1826 478 1858 qua
495 1813 577 1848 haee
595 1811 771 1847 habentur.
823 1812 994 1855 Quatenus
1011 1814 1206 1863 beatzffimus
1223 1820 1392 1855 Romanae
1402 1824 1552 1858 civitatis
1561 1827 1682 1871 episco-

67 1876 147 1915 pus,
175 1867 229 1900 cui
241 1865 472 1911 principatum
484 1861 671 1908 sacerdotii
684 1862 790 1908 super
808 1874 920 1897 omnes
934 1867 1122 1912 antiquitas
1141 1869 1281 1904 contulit
1295 1894 1305 1909 ‚
1331 1870 1433 1905 locum
1451 1871 1570 1909 habeat
1579 1887 1615 1909 ac
1620 1878 1682 1921 fa-

63 1918 225 1952 ’cultatem
242 1913 281 1948 de
296 1912 364 1954 fide
380 1921 413 1947 et
423 1910 654 1957 sacerdotibus
664 1911 824 1957 judicare
844 1938 851 1945 .
869 1940 877 1947 .
894 1937 903 1948 .
922 1939 929 1947 .
956 1913 1074 1961 Hujus
1104 1918 1189 1950 enim
1206 1920 1258 1952 rei
1277 1922 1400 1967 gratia
1426 1922 1603 1963 secundam
1629 1927 1680 1967 so-

69 1967 272 2002 lemnitatem
290 1963 520 2002 conciliorum,
550 1969 583 1996 et
602 1960 981 2007 Constantinopolitanus
998 1965 1177 2011 episcopus,
1200 1977 1272 2002 eum
1296 1979 1361 2014 per
1384 1968 1510 2006 libellos
1527 1972 1678 2019 adpella-

69 2018 122 2050 vit
138 2021 279 2062 propter
295 2013 551 2051 contentionem,
579 2021 661 2058 quae
676 2019 755 2045 orta
773 2010 815 2053 eli
833 2010 873 2045 de
885 2011 976 2054 fide,
1003 2014 1078 2048 huic
1093 2017 1205 2062 itaque
1222 2016 1404 2062 postulanti
1421 2028 1455 2054 et
1479 2024 1677 2068 conjuranti

61 2066 203 2110 salutem
222 2061 363 2106 nostram
383 2073 578 2096 communem
596 2070 747 2095 annuere
766 2072 830 2094 non
848 2064 990 2110 negavi,
1017 2071 1182 2110 quatenus
1207 2065 1253 2099 ad
1275 2076 1366 2102 tuam
1388 2072 1676 2113 mansuetudinem

69 2125 168 2148 meam
183 2113 381 2160 petitionem
398 2112 590 2158 ingererem
604 2135 613 2150 ‚
664 2117 703 2144 ut
719 2109 912 2155 praediffiss
923 2112 1076 2156 sacerdos
1090 2118 1311 2163 *congregatis
1329 2127 1370 2151 ex
1385 2121 1475 2153 omni
1491 2119 1571 2155 orbe
1594 2124 1677 2156 reli.

70 2164 140 2208 quis
151 2158 381 2207 sacerdotibus
403 2163 496 2194 intra
513 2159 668 2198 Italiam,
696 2161 785 2193 omni
799 2160 1011 2206 praejudicio
1021 2161 1187 2205 submoto,
1217 2177 1235 2198 a
1248 2167 1425 2212 principio
1453 2181 1576 2204 omnem
1599 2184 1676 2205 cau-

64 2212 153 2255 sam,
179 2223 241 2256 qua
258 2211 410 2244 vertitm'·
422 2209 573 2254 sollicita
591 2211 726 2246 ratione
742 2210 927 2257 cognoscens
936 2212 1138 2256 sententiam
1147 2215 1250 2260 ferat
1263 2239 1272 2256 ,
1300 2227 1395 2264 quam
1420 2215 1499 2257 fides
1524 2228 1556 2253 et
1582 2222 1674 2256 ratio

954 2310 981 2345 Ζ
1477 2315 1626 2365 Respon-
