1982 2739
310 229 377 252 122
555 214 626 249 DE
653 209 930 252 ANTIQUA
958 206 1231 241 ECCLESIAE
1258 204 1601 239 DISCIPLINA

255 313 293 349 in
311 302 513 350 Hispaniam
530 299 703 340 reversus,
731 297 850 333 ambiit
867 294 1101 342 episcopatum
1116 304 1326 338 recuperare.
1378 294 1473 327 Tum
1491 292 1638 339 Hispani
1656 291 1871 340 Cyprianum

258 355 520 393 consuluerunt,
558 351 642 397 quid
668 349 729 384 sibi
754 346 845 382 fasto
874 358 962 392 opus
990 342 1078 379 esset.
1144 342 1328 388 Respondit
1354 343 1567 389 Cyprianus,
1606 342 1692 376 nihil
1718 340 1872 376 obstante

259 405 422 452 Stephani
442 402 618 441 sententia,
659 399 913 435 ordinationem
932 394 1085 442 episcopi
1102 394 1136 427 in
1153 392 1303 427 Basilidis
1321 392 1435 427 locum
1458 391 1652 432 substituti:
1681 404 1750 426 non
1778 389 1874 436 posse

260 454 421 494 rescindi,
450 451 697 495 Bafilidemque
714 447 774 482 suo
792 448 832 481 ad
849 450 1036 482 Romanam
1055 441 1216 478 ecclesiam
1244 439 1408 486 confugio
1434 441 1519 475 nihil
1546 441 1639 476 aliud
1663 437 1844 487 profecisse
1862 457 1879 481 ‚-

264 517 367 552 quam
386 514 424 538 ut
440 501 629 538 cumularet
647 496 767 533 deliaa
786 495 926 531 deliciis.
979 495 1052 530 Hoc
1075 505 1109 528 eo
1124 494 1297 540 pertinet,
1324 492 1436 535 inquit
1455 492 1668 538 Cyprianus,
1697 499 1736 525 ut
1760 489 1879 537 Bafili·

261 557 314 592 dis
330 566 402 589 non
419 563 485 590 tam
506 549 726 595 abolitastnt‚
754 559 849 595 quam
868 546 1036 581 cumulata
1054 542 1191 581 deliHa,
1218 551 1256 577 ut
1275 541 1319 575 ad
1329 542 1508 586 superiora
1527 543 1758 587 ejuspeccata‚
1773 542 1876 574 etiam

257 606 424 654 fallaciae
443 610 474 636 et
492 600 783 635 circumventionis
803 598 928 630 crimen
946 593 1123 639 accefferit.
1176 593 1216 625 Et
1234 590 1378 625 ibidem:
1407 602 1464 625 nec
1487 590 1670 635 rescindere
1683 588 1877 624 ordinatio-

264 667 336 689 nem
348 655 431 700 jure
450 650 636 698 perfefiam
652 649 800 694 poterit,
827 657 888 692 quo
908 643 1066 690 Basilides
1082 640 1151 688 post
1167 643 1307 675 crimina
1321 641 1384 684 sua
1406 640 1550 679 detefr'a,
1584 648 1617 674 et
1644 639 1875 684 conscientiam

265 707 366 740 etiam
385 703 534 749 propria
557 696 745 745 confeffione
762 695 940 730 nudatam,
969 693 1105 727 Romam
1120 701 1284 738 pergens,
1313 699 1370 725 etc.
1424 691 1473 723 Ex
1495 688 1619 733 quibus
1639 688 1877 734 patetprimo,

265 766 334 788 non
352 749 448 786 fuisse
473 761 546 783 tum
565 749 597 781 in
614 758 710 781 more
729 743 876 790 pofi'turn
894 741 1062 788 adpellare
1079 740 1118 774 ad
1137 739 1334 785 pontificem
1354 741 1546 773 Romanum
1560 764 1568 777 ,
1586 737 1739 782 alioquin
1751 735 1878 783 Hispa·

266 804 319 838 nis
337 814 405 836 non
424 798 531 833 visum
552 795 638 831 istud
657 793 770 830 fuisset
793 792 979 827 insolitum.
1041 788 1216 829 Secundo,
1252 787 1434 834 adpellatio
1459 788 1501 822 ad
1525 791 1725 823 Romanum
1750 785 1879 834 episco-

265 865 371 900 pum,
399 849 421 884 fi
440 860 524 893 quae
538 844 663 885 fuisset,
699 856 768 878 non
788 840 929 877 hbebat
948 838 1178 885 suspenfivum
1199 836 1373 878 effessum,
1402 849 1440 872 ut
1462 838 1616 885 loquitur
1633 840 1772 883 Lupus3
1798 835 1880 871 alio-

267 904 349 948 quin
372 898 519 945 Hispani
539 895 687 942 episcopi
707 895 741 927 in
759 893 874 927 locu'm
895 888 1046 924 Basilidis
1069 888 1174 922 alium
1198 900 1268 922 non
1297 887 1510 922 ordinassent.
1571 888 1698 922 Tertio
1713 912 1720 926 ,
1755 885 1882 921 constat

267 952 479 1000 cyprianum
501 957 532 980 et
553 945 728 990 Hispanos
750 953 860 976 ratum
879 937 1026 973 habuisse
1044 938 1207 983 judicium
1228 938 1263 970 in
1279 938 1459 982 provincia
1474 937 1579 971 latum
1609 935 1770 971 adversus
1792 933 1882 970 Basi-

265 1002 372 1036 lidem
391 1010 423 1032 et
439 994 653 1032 Martialem,
681 1004 740 1026 nec
758 1003 820 1035 per
838 989 1031 1023 sententiam
1060 986 1203 1021 Romani
1228 984 1400 1030 pontificis
1425 986 1680 1020 ordinationem
1697 985 1787 1031 ejus,
1821 983 1883 1028 qui

266 1048 343 1096 post
368 1046 544 1082 Bafilidem
570 1041 684 1077 fuerat
703 1041 896 1077 ordinatus,
924 1034 1076 1070 reseis-am
1098 1032 1205 1068 fuisse.
1269 1036 1418 1076 Quarto,
1446 1035 1660 1082 Cyprianum
1687 1030 1885 1068 existimasse

265 1097 430 1147 judicium
452 1107 469 1129 a
486 1092 618 1141 synodo
632 1089 830 1137 provinciae
847 1086 952 1121 latum
972 1083 1034 1119 esse
1057 1083 1276 1130 supremum,
1313 1095 1373 1118 nec
1397 1082 1543 1118 rescindi
1565 1081 1660 1130 posse
1683 1095 1702 1118 a
1727 1086 1884 1119 Romano

265 1145 448 1196 pontifice,
475 1142 540 1177 five
560 1143 593 1176 in
610 1140 684 1175 casu
699 1137 956 1185 adpellationis,
984 1133 1050 1169 sive
1065 1146 1127 1180 per
1144 1131 1354 1168 revisionem'.
1883 1162 1886 1165 .

417 1191 650 1238 Respondent.
671 1189 715 1224 sic
731 1184 888 1223 censuisse
907 1186 1119 1232 Cyprianum
1132 1208 1141 1223 ‚
1170 1183 1250 1226 quia
1269 1181 1353 1228 justa
1377 1193 1445 1217 erat
1469 1181 1636 1228 depositio
1654 1181 1806 1217 Basilidis
1819 1205 1828 1222 ,
1854 1190 1890 1215 et

269 1245 352 1296 justa
369 1243 540 1279 ordinatio
556 1239 669 1274 Sabini
690 1240 723 1270 in
743 1237 814 1281 ejus
830 1236 954 1268 locum.
1007 1236 1136 1266 Verum
1152 1231 1234 1264 haec
1250 1229 1423 1275 responsio
1443 1229 1670 1267 difficultatem
1690 1243 1759 1265 non
1784 1229 1887 1265 tollis

271 1296 489 1331 eniinveroin
508 1285 838 1331 omniadpellatione
861 1281 999 1327 judicis,
1027 1280 1069 1313 ad
1088 1290 1189 1322 quem
1208 1288 1439 1323 provocatur,
1452 1277 1634 1314 sententiae
1654 1278 1809 1314 standum
1820 1277 1866 1313 est
1875 1303 1891 1319 ,-

271 1345 339 1381 five
356 1341 440 1391 justa
458 1339 515 1377 sit,
540 1336 606 1371 five
624 1332 750 1381 injusta.
806 1332 861 1367 Sic
879 1331 957 1375 quia
975 1327 1173 1363 conceditur
1183 1329 1383 1373 provocatio
1401 1340 1419 1362 a
1437 1327 1609 1375 judicibus
1626 1327 1887 1374 praesidialibue

273 1395 314 1429 ad
344 1388 622 1440 judicessenatus
640 1383 807 1429 supremi,
834 1380 959 1415 habent
976 1378 1013 1412 hi
1032 1375 1227 1423 potestatem
1250 1376 1460 1412 rescindendi
1476 1377 1643 1425 judicium
1661 1379 1773 1413 curiae
1790 1389 1888 1424 prae·

270 1443 410 1481 sidiam,
441 1450 471 1474 et
488 1437 572 1473 stare
596 1433 693 1469 debet
712 1432 842 1467 senatus
861 1430 1055 1467 decretum,
1082 1426 1150 1460 five
1172 1423 1317 1472 justum,
1343 1425 1408 1460 sive
1427 1427 1591 1473 injustum
1613 1426 1664 1463 sit.
1717 1431 1835 1474 ErgO,
1849 1425 1887 1463 'si

274 1494 326 1541 jus
345 1489 614 1536 adpellationum
631 1480 917 1518 admittendarum
935 1474 1098 1512 habuisset
1114 1474 1323 1519 Stephanus,
1350 1475 1510 1520 potuisset
1528 1478 1703 1512 restituere
1730 1489 1889 1513 commu-

276 1544 415 1577 nionem
437 1550 468 1573 et
484 1535 651 1572 ecclesiam
668 1531 820 1573 Basilidi,
847 1541 879 1565 et
896 1528 1066 1574 deponere
1083 1524 1264 1565 Sabinum3
1292 1535 1329 1558 ac
1347 1523 1429 1559 stare
1451 1526 1614 1561 debuisset
1632 1526 1885 1573 ejussementia,

277 1592 344 1627 five
363 1588 461 1633 iusta,
489 1587 557 1621 five
575 1582 714 1631 injusta,
744 1594 814 1615 non
833 1578 983 1614 obstante
999 1575 1126 1622 judicio
1145 1573 1264 1621 synodi
1286 1574 1502 1618 provinciae,
1530 1587 1561 1609 et
1583 1576 1697 1611 Sabini
1713 1575 1879 1612 eleE'tione

278 1642 330 1677 vel
348 1639 462 1674 saltem
480 1632 691 1672 ren-astantia
712 1642 781 1666 erat
800 1628 949 1677 ejusdem
972 1623 1123 1659 Bnfilidis
1142 1622 1235 1658 causa
1249 1648 1257 1663 ‚
1291 1621 1314 1656 fi
1340 1622 1613 1659 reiraaationem
1633 1625 1810 1661 decernere
1827 1609 1891 1673 po:

277 1688 395 1728 ruisset.
448 1689 623 1722 Neutrum
643 1694 752 1718 tamen
775 1678 940 1724 Hispanis
955 1671 1169 1721 praescripsit
1194 1672 1408 1720 Cyprianus,
1442 1673 1498 1709 sed
1523 1674 1706 1710 universim
1733 1687 1891 1721 pronun,

277 1743 335 1776 :iat
354 1737 481 1786 judicio
498 1734 660 1781 Stephani
678 1730 806 1765 restitui
826 1739 894 1762 non
919 1724 1012 1772 posse
1034 1722 1210 1758 Bafilidem
1222 1747 1231 1759 ,
1259 1734 1318 1756 nec
1336 1722 1447 1757 Sabini
1460 1724 1711 1760 ordinationem
1728 1723 1874 1760 rescindi

275 1794 369 1836 Ergo
391 1785 516 1823 censuit
542 1798 562 1821 a
585 1781 721 1833 judiciis
746 1778 960 1827 synodorum
992 1772 1257 1821 provincialium
1280 1772 1408 1808 nullam
1433 1775 1718 1821 provocationem
1743 1764 1893 1811 concedi·

274 1849 446 1888 oportere.

426 1889 546 1922 Unum
567 1881 706 1929 alicujus
727 1877 893 1914 momenti
912 1873 1011 1913 nobis
1030 1872 1178 1920 opponit
1195 1874 1335 1917 Lupus:
1363 1871 1517 1917 Ecclefia,
1551 1873 1681 1918 inquit,
1715 1873 1892 1920 Africana

265 1939 440 1985 judicium
459 1933 548 1971 illud
568 1932 735 1980 Cypriani
757 1940 823 1963 non
844 1924 1006 1973 probavit
1025 1940 1034 1958 .·
1070 1924 1190 1958 etenim
1216 1919 1425 1967 Augustinus
1452 1918 1593 1968 epistolii
1625 1926 1704 1957 162.
1766 1915 1896 1960 Secunss

278 1990 360 2024 duro
377 1985 564 2021 Numidiae
581 1983 779 2027 primatem,
808 1987 838 2011 et
859 1974 942 2010 alios
959 1973 1132 2009 Numidas
1149 1971 1275 2017 arguit,
1304 1971 1398 2015 quod
1419 1971 1576 2008 damnato
1594 1985 1658 2019 per
1675 1971 1770 2018 ipsos
1804 1975 1901 2008 Cae-e

279 2038 402 2074 ciliano
421 2029 674 2077 Carthaginensi
699 2026 888 2074 episcopo,
913 2023 1126 2070 Majorinum
1152 2018 1376 2062 ordinassent,
1413 2024 1589 2071 antequam
1612 2024 1692 2058 haec
1717 2021 1897 2058 damnatio·

279 2086 538 2130 confirmaretur
553 2091 617 2127 per
636 2079 815 2113 Romanam
836 2074 1002 2114 ecclefiam.
1055 2075 1185 2110 Verum
1204 2070 1283 2105 huic
1301 2083 1503 2116 argumento
1523 2070 1722 2118 responsum
1740 2070 1786 2108 est
1802 2085 1891 2108 ano·

277 2137 329 2172 bis
346 2135 465 2182 supra,
493 2142 524 2166 et
545 2127 753 2166 ostendimus
775 2123 1000 2171 Augustinum
1015 2148 1024 2164 ‚
1053 2134 1119 2158 non
1138 2119 1233 2164 loqui
1253 2120 1292 2155 de
1307 2117 1423 2155 stristo
1446 2122 1536 2168 jure,
1563 2121 1619 2157 sed
1639 2121 1680 2157 de
1700 2133 1760 2163 eo.
1795 2121 1895 2166 quod.
1926 2139 1928 2144 v

281 2184 477 2221 faciendum
497 2191 566 2215 erat
588 2176 741 2213 Secundo
760 2187 824 2221 pro
842 2173 935 2210 bono
955 2173 1057 2219 pacis.
1109 2169 1223 2210 Adde,
1251 2168 1341 2216 quod
1353 2172 1446 2205 causa
1462 2172 1645 2207 Caeciliani
1662 2170 1810 2214 multum
1827 2165 1896 2205 diff-,¹

281 2235 349 2271 fert
368 2248 385 2270 a
401 2231 492 2269 causa
507 2227 661 2267 Basilidis
679 2238 709 2262 et
728 2223 915 2266 Martialis,
932 2235 980 2263 ,υτ
1003 2220 1145 2258 cuilibet
1161 2219 1382 2267 perspicuum
1403 2219 1458 2257 est.
1511 2220 1574 2258 Sed
1591 2214 1669 2258 h'aec
1688 2220 1728 2257 de
1751 2211 1896 2271 ju‘fi‘isff

281 2298 361 2323 tunc
375 2280 540 2330 temporis
556 2277 632 2317 latis
650 2278 686 2314 in
705 2275 876 2314 occidente
892 2299 900 2316 ‚
929 2271 1077 2326 nuneJde
1095 2268 1327 2317 minutalibus,
1780 2316 1821 2358 D

1822 2330 1839 2355 e
