2023 2760
585 233 656 270 DE
691 231 966 276 ANTIQVA
1006 214 1311 267 ECCL‘ESME
1347 230 1691 267 mscii‘mNA

389 249 408 270 2

338 323 392 358 nis
411 319 525 358 forma
543 320 685 366 cogitari
703 331 876 366 coeptum.
931 320 984 355 Sic
1001 320 1149 366 Joannes
1161 319 1227 368 jam
1246 318 1360 356 senior
1376 320 1524 366 aliquam
1543 319 1752 356 ecclefiarum
1771 318 1867 354 Asiae
1878 315 1950 353 for·

337 384 428 407 mam
448 371 581 406 videtur
598 368 813 405 constituisse.
850 369 965 415 Hujus
985 369 1178 414 exemplum
1197 368 1330 414 sequuti
1348 370 1523 416 apostolici
1543 371 1607 404 vii-i
1620 370 1706 403 hanc
1723 368 1873 415 spartam
1884 369 1948 402 mi·

336 433 416 456 rum
438 422 474 455 in
491 420 636 454 modum
655 431 882 454 exornarunt:
911 431 965 453 res
987 418 1107 453 deinde
1125 421 1159 457 in
1177 417 1457 454 consuetudinem
1477 419 1575 459 abiit,
1605 431 1691 462 quae
1700 431 1766 464 pro
1782 418 1858 464 lege
1875 427 1948 451 tum

337 482 426 505 erat:
454 481 489 504 ac
509 470 648 503 demum
671 480 749 503 cum
772 468 894 514 religio
913 467 1090 502 christiana
1108 467 1168 504 sub
1196 467 1418 504 Constantino
1439 480 1619 503 externum
1645 466 1863 513 splendorem
1894 478 1947 501 ac-

333 521 424 564 cepit
437 544 445 560 ,
474 530 546 553 tum
566 529 696 553 veteres
712 517 972 552 consuetudines
994 516 1206 564 synodorum
1226 517 1368 553 decretis
1389 517 1621 557 confirmatae,
1650 529 1724 552 turn
1744 518 1843 551 etiam
1863 528 1946 550 non-

332 568 446 602 nullae
463 579 571 603 novae
587 566 675 612 leges
691 565 829 602 sancitae
848 567 932 602 sunt.
984 566 1048 602 Sed
1068 567 1111 601 iis
1131 567 1291 613 deinceps
1310 581 1377 613 pro
1393 567 1485 601 varia
1513 578 1711 611 temporum
1736 567 1868 601 ratione
1886 565 1946 599 ad-

332 616 463 658 ditum,
492 616 546 650 vel
563 614 752 651 detrafilum
769 614 832 656 est,
861 616 965 651 donec
980 616 1084 661 longa
1101 615 1311 652 saeculorum
1336 615 1534 651 successione
1557 617 1603 649 ita
1625 616 1824 650 immutatae
1848 614 1945 651 sunt,

330 677 369 701 ut
395 667 450 701 vix
471 664 610 711 agnosci
628 677 763 708 queant.
817 667 949 701 Verum
968 665 1052 700 illud
1075 679 1142 712 pro
1168 678 1261 700 certo
1289 666 1504 702 habendum,
1556 666 1723 710 optimam
1750 677 1785 699 ac
1819 676 1942 698 conve-

328 714 569 750 nientiffimam
587 711 686 749 fuisse
707 714 929 760 disciplinam,
950 728 1034 761 quae
1047 727 1169 759 quarto
1189 714 1338 749 ecclesiae
1357 714 1486 749 saeculo
1505 713 1628 748 sancita
1646 713 1708 755 est,
1746 726 1782 749 ac
1808 712 1943 759 semper

328 763 481 800 ecclefiae
502 775 649 798 mentem
665 762 782 805 fuisse,
809 775 848 799 ut
866 764 921 799 illa
937 791 945 805 ,
976 777 1140 808 quantum
1161 763 1233 798 ficri
1257 763 1382 810 posset,
1419 762 1665 799 observaretur.

354 841 356 843 -
477 815 657 849 Immerito
673 815 787 859 itaque
807 814 964 848 nonnulli
983 814 1207 854 arbitrantur,
1226 813 1373 859 delipere
1397 826 1465 853 eOS,
1484 814 1544 858 qui
1564 825 1711 848 veterem
1728 811 1822 847 istam
1848 809 1941 846 disci-

325 863 459 911 plinam
477 862 623 898 studiose
640 864 838 908 inquirunt,
868 863 958 908 quasi
983 862 1069 897 nihil
1089 863 1129 897 ad
1142 875 1204 898 nos
1222 865 1407 908 pertineat,
1436 864 1493 908 qui
1512 863 1585 897 aliis
1598 863 1753 896 moribus
1771 861 1938 894 vivimus:

324 925 477 958 namque
493 913 571 947 licet
586 914 722 957 antiqua
737 913 794 947 illa
811 911 986 958 disciplina
1003 913 1139 957 penitus
1159 912 1285 947 restitui
1303 925 1371 947 non
1390 912 1506 959 possit,
1544 913 1737 947 conandum
1765 922 1875 945 tamen
1894 908 1940 993 ΞΩ

1815 959 1892 994 dein
1923 971 1939 993 e

322 962 368 997 ad
387 975 476 1000 eam,
509 973 675 1007 quantum
703 963 909 1008 permittunt
936 974 1048 997 mores
1074 962 1248 1003 hodierni,
1285 975 1386 1007 quam
1413 964 1568 1008 proxime
1591 961 1761 996 accedere:

322 1010 450 1046 etiamsi
470 1010 584 1046 nullus
607 1023 696 1045 nunc
714 1010 791 1045 esset
815 1011 884 1059 ejus
906 1010 1003 1050 usus,
1034 1010 1104 1055 ejus
1124 1021 1235 1045 tamen
1259 1011 1412 1056 cognitio
1430 1024 1499 1046 non
1522 1012 1664 1045 omnino
1681 1009 1774 1044 foret
1794 1009 1937 1049 inutilis,

321 1070 396 1094 tum
414 1060 493 1104 quia
509 1058 576 1092 fine
592 1071 628 1092 ea
644 1057 797 1103 perfeffla
817 1061 940 1092 veteris
968 1057 1128 1091 historiae
1154 1059 1275 1092 notitia
1305 1061 1422 1102 nequit
1448 1059 1583 1101 haberi;
1620 1067 1694 1092 tum
1722 1060 1800 1102 quia
1824 1056 1937 1092 nostra

347 1107 514 1142 lurimum
532 1106 670 1141 interest
689 1105 788 1147 nosse,
807 1118 907 1150 quam
926 1105 1009 1139 bene
1028 1117 1080 1139 res
1101 1105 1231 1140 nostras
1250 1106 1332 1140 olim
1351 1105 1570 1151 gesserimu53
1599 1119 1672 1142 tum
1691 1107 1836 1151 denique
1855 1108 1936 1151 quia

317 1168 417 1192 vetus
434 1155 491 1191 illa
512 1154 692 1201 disciplina
710 1152 975 1189 fundamentum
995 1153 1039 1188 est
1056 1153 1221 1189 libertatis
1252 1155 1480 1195 ecclesiarum,
1517 1169 1593 1191 curn
1618 1169 1657 1190 ex
1682 1168 1718 1190 ea
1745 1155 1934 1202 perspicere

315 1204 433 1240 cunRi
448 1203 592 1250 poffint‚
620 1215 705 1245 quae
721 1201 854 1235 fuerint
870 1203 1017 1235 Romani
1033 1202 1222 1246 pontificis,
1251 1213 1335 1245 quae
1350 1204 1580 1247 patriarchae,
1616 1217 1702 1248 quae
1728 1205 1933 1250 metropoli-

315 1254 405 1293 tani,
458 1263 543 1297 quae
569 1249 722 1295 episcopi
741 1249 816 1295 jura
842 1259 874 1283 et
887 1249 1078 1294 privilegia.
1132 1252 1252 1293 itaque
1276 1250 1311 1283 in
1329 1249 1392 1284 hac
1407 1252 1518 1296 prima
1538 1251 1761 1287 dissertatione
1782 1265 1932 1290 veterem

316 1299 528 1337 ecclesiarum
545 1298 695 1334 formam
713 1310 748 1332 ac
768 1296 1039 1334 distributionem
1057 1296 1315 1343 investigamus,
1343 1311 1379 1334 ut
1397 1300 1460 1334 hoc
1479 1300 1818 1336 velutifundarnento
1836 1303 1930 1348 poli-

313 1362 372 1391 το,
424 1362 509 1396 quae
537 1349 694 1394 deinceps
721 1347 760 1381 de
786 1346 900 1382 forma
916 1347 1124 1394 judiciorum
1143 1358 1174 1382 et
1190 1346 1364 1393 pontificis
1380 1351 1522 1384 Romani
1541 1349 1706 1395 potestate
1725 1348 1852 1386 dietari
1870 1350 1929 1389 su-

313 1412 411 1442 anus,
439 1413 478 1434 ex
495 1397 554 1433 ista
573 1395 799 1432 dissertatione
817 1396 926 1431 lucem
963 1398 1142 1432 maximam
1167 1398 1339 1441 accipiant.

463 1450 503 1483 In
519 1447 580 1481 hac
597 1459 705 1492 porro
723 1446 875 1491 primum
898 1446 938 1480 de
963 1446 1160 1480 nominibus
1184 1444 1464 1490 metropolitani,
1495 1446 1763 1495 archiepiscopi,
1797 1450 1925 1496 prima·

310 1500 374 1536 tis,
410 1496 544 1532 exarchi
563 1507 593 1531 et
612 1495 839 1541 patriarchae,
867 1506 897 1529 et
914 1494 953 1529 de
971 1496 1061 1529 varia
1080 1495 1212 1529 illarum
1231 1506 1352 1529 vocum
1369 1495 1565 1540 acceptione
1587 1495 1792 1535 disseremus,
1819 1500 1924 1534 Dein.

311 1549 353 1583 de
370 1545 582 1581 institutione
604 1544 951 1590 metropolitanorum
970 1543 1197 1578 traElabimuS.
1257 1555 1286 1587 3.
1315 1542 1601 1581 Distributionem
1624 1548 1796 1591 antiquam
1819 1549 1928 1589 eccle-—

307 1597 435 1633 fiarurn
456 1607 677 1642 exponemus.
729 1605 763 1637 4.
792 1593 1062 1629 patriarcharum
1080 1592 1344 1631 institutionem,
1373 1604 1558 1630 numerum
1582 1607 1612 1630 et
1633 1595 1757 1631 limites
1784 1597 1918 1632 dioece-

306 1645 383 1681 seos
401 1645 544 1681 illorum
559 1645 784 1688 inquiremus.
843 1656 870 1688 5.
898 1645 981 1690 Jura
995 1642 1342 1687 metropolitanorum
1361 1653 1393 1676 et
1417 1644 1705 1687 patriarcharum,
1740 1644 1796 1680 seu
1821 1659 1916 1681 exar-

307 1695 454 1730 chorum
475 1706 506 1730 et
525 1695 735 1739 primatuum
754 1704 1004 1738 percurremus,
1059 1693 1216 1735 Denique
1242 1690 1369 1725 sextum
1391 1704 1556 1727 canonem
1583 1694 1776 1729 Nicaenum
1804 1695 1916 1730 erudi-

306 1741 749 1827 torumficoncertationibus
769 1741 930 1778 celebrem
952 1739 1214 1787 explicabimus,
1248 1752 1280 1777 et
1308 1739 1519 1778 ecciefiarum
1548 1741 1858 1780 suburbicariarum
1875 1744 1916 1779 li-

305 1804 405 1830 mites
454 1805 582 1840 gemus.

1049 1939 1076 1981 §.
1130 1939 1158 1976 1.

700 2040 758 2079 De
779 2042 909 2080 nomine
937 2045 1160 2093 metropoleos
1183 2051 1215 2082 et
1237 2046 1499 2095 metropolitani.

294 2133 570 2228 Vocabulum
585 2141 652 2177 hoc
665 2143 840 2190 μετςᾶπολιζ
858 2156 875 2177 a
894 2143 1096 2188 quibusdam
1114 2145 1284 2180 derivatur
1308 2147 1371 2180 οίπὸ
1390 2150 1448 2184 rie
1463 2145 1583 2192 μοι’τςαις
1597 2145 1651 2181 καὶ
1674 2143 1798 2187 πὲλεοκ,
1837 2144 1907 2182 hoe

413 2193 457 2229 est
481 2205 499 2228 a
525 2193 633 2227 vulva
657 2201 690 2226 et
716 2192 818 2232 urbe,
857 2192 945 2237 quali
973 2194 1028 2228 illa
1054 2194 1110 2231 fit,
1146 2193 1222 2229 urbs
1243 2200 1389 2235 matrix,
1419 2207 1457 2228 ex
1477 2207 1542 2239 qua
1565 2195 1719 2230 coloniae
1740 2192 1903 2229 dedustae

293 2248 389 2288 sunt3
414 2254 514 2288 atque
532 2241 598 2276 hoc
612 2239 709 2275 sensu
726 2239 906 2286 usurpatur
921 2255 937 2276 a
957 2243 1161 2291 Thucydide
1179 2242 1236 2278 lib.
1257 2255 1286 2286 3.
1307 2245 1377 2289 lust.
1405 2243 1557 2278 liidorus
1577 2254 1607 2277 et
1633 2243 1815 2278 Gratianus
1833 2255 1901 2277 me·

293 2294 460 2343 tropeum
479 2288 604 2328 distam
621 2288 682 2326 eise
699 2301 821 2336 putant
836 2303 854 2327 a
867 2290 1037 2337 mensura,
1066 2292 1159 2338 quod
1176 2295 1270 2329 omni
1288 2291 1583 2329 verisimilitudine
1599 2301 1696 2342 garet.
1740 2292 1900 2348 ‚caeteris

1739 2351 1845 2389 igitsur
