1982 2739
340 232 409 266 170
559 219 631 255 DE
664 215 930 260 ANTIQVA
955 211 1239 250 ECCLESIAE
1267 212 1609 250 DISCIPLINA

291 324 378 358 quae
394 320 524 346 tantum
541 305 689 343 refertur
707 307 742 342 in
758 304 902 341 concilio
918 306 1076 339 Romano
1101 301 1159 338 sub
1178 300 1356 338 Bonifacio
1372 304 1433 340 11.,
1451 301 1516 338 lata
1531 313 1659 338 tantum
1679 300 1747 338 esta
1767 300 1889 338 Theo}

294 362 406 401 dofio,
432 372 470 395 ut
488 358 652 394 Honorio
672 355 771 392 fratri
788 357 821 390 id
840 353 968 401 petenti
986 354 1019 387 in
1040 352 1182 398 speeiem
1201 351 1376 387 satisfieret.
1429 355 1474 387 At
1500 365 1558 387 nec
1581 352 1799 398 promulgata
1825 349 1890 389 est,

293 424 352 446 nec
369 410 471 445 ullam
492 410 560 443 vim
577 407 713 444 habuit,
740 407 811 440 imo
829 404 997 439 contraria
1016 402 1114 448 plane
1132 403 1183 436 lex
1200 401 1356 436 obtinuit.
1416 401 1481 436 Sed
1502 413 1538 436 ut
1556 402 1730 436 redeamus
1749 401 1790 436 ad
1810 412 1891 446 pro·
1919 406 1926 410 ”

293 459 460 508 positum,
488 459 523 493 in
542 457 601 491 hac
620 456 792 501 Perigenis
819 453 915 489 causa
936 451 1065 497 questio
1083 463 1151 486 non
1171 462 1240 485 erat
1260 451 1299 485 de
1317 450 1619 496 adpellationibus,
1646 450 1703 484 sed
1726 449 1765 484 de
1793 449 1890 484 ordi-

293 509 490 545 nationibus
511 505 854 552 metropolitanorum
880 503 1026 551 lllyrici,
1061 513 1142 546 quas
1158 501 1298 535 Ramani
1315 499 1494 545 pontifices
1513 499 1554 534 ad
1571 499 1601 534 se
1619 498 1788 544 suumque
1803 500 1892 534 vica-

293 561 388 596 rium
414 554 753 598 Theisalonicensemj
768 552 947 588 antistitem
967 552 1136 597 pertinere
1154 549 1405 586 contendebant.
1457 552 1588 584 Verum
1606 549 1641 583 id
1663 550 1809 584 maxime
1829 547 1893 584 ob·

293 607 494 644 servandum
508 605 552 640 est
570 605 763 649 Periginem
781 628 789 642 ‚
816 603 873 647 qui
892 602 933 636 ad
951 600 1171 635 obtinendam
1191 599 1302 634 sedem
1326 598 1486 634 Corinthi
1504 599 1721 634 autoritatem
1745 597 1894 633 Romani

292 655 468 704 pontificis
495 654 710 693 adhibuerat,
735 651 838 698 paulo
856 649 931 697 post
946 649 1071 698 jugum
1091 647 1257 684 excusiisl'e
1277 660 1309 683 et
1327 647 1359 683 se
1377 661 1394 683 a
1420 646 1725 683 Thessalonicensis
1745 645 1897 693 episcopi

294 707 486 742 obedientia
504 700 714 742 subtraxisse,
743 713 779 736 ut
797 699 922 736 constat
938 713 976 733 ex
995 697 1143 745 epistolis
1161 699 1262 736 sixti,
1290 698 1349 742 qui
1366 696 1441 744 post
1467 697 1695 732 Coelestinum
1721 693 1892 731 Bonifatii

292 753 510 792 successorem
530 750 685 799 pontifex
704 751 790 790 fuit,
807 762 890 795 quae
906 751 1019 783 omnia
1037 747 1202 782 habentur
1219 749 1252 782 in
1273 748 1417 782 concilio
1428 750 1580 783 Romano
1598 749 1677 782 anni
1700 758 1782 791 431.
1806 757 1892 780 tom.

292 817 327 848 4.
347 818 420 840 con.
446 805 531 839 circa
551 800 665 836 finem.
717 799 782 835 Sub
800 799 918 834 eodem
933 796 1109 833 Bonifacio
1127 800 1153 831 1.
1182 798 1359 832 Perrevius
1390 797 1529 841 quidam
1552 796 1741 830 Thessaliae
1766 793 1895 841 episco-

292 867 361 902 pus
379 854 420 888 ab
439 852 543 901 hujus
564 851 712 896 regionis
733 848 901 895 episcopis
926 846 1057 881 ecclesia
1075 845 1191 892 pulsus
1206 844 1255 880 ‘est
1272 845 1430 881 ordinato
1449 847 1484 880 in
1496 845 1570 893 ejus
1589 845 1703 880 locum
1722 846 1894 880 Maximo.
1921 865 1927 871 =

290 903 413 952 Hujus
434 901 564 936 causam
585 896 739 945 pontifex
756 897 848 933 Rufo
867 894 1147 931 Thessalonicenfi
1163 895 1380 943 judicandam
1399 895 1596 936 committit,
1616 894 1789 940 episcopos
1807 893 1898 933 illos,

288 955 351 999 qui
370 951 469 987 istum
488 949 694 1003 expulerant,
712 961 729 981 a
748 948 990 982 communione
1009 944 1065 979 sua
1092 942 1357 978 summovendos
1381 943 1440 977 esse
1465 943 1610 991 judicat,
1637 947 1686 979 ita
1703 953 1758 984 ut,
1784 943 1900 991 inquit

290 1001 412 1042 Rufo,
458 998 636 1035 remedium
662 998 766 1041 solum
794 997 1059 1029 interventionis
1085 1001 1163 1026 tuae
1187 995 1343 1039 gratiam
1369 991 1491 1026 habere
1516 994 1721 1040 cognoscant.
1775 991 1818 1025 let
1853 1003 1901 1026 eo

290 1049 435 1086 consilio
454 1047 584 1082 digium
601 1059 618 1080 a
633 1043 812 1080 Bonifacio
837 1041 965 1082 fuerat,
993 1052 1032 1076 ut
1059 1041 1107 1075 illi
1132 1040 1210 1075 Rufi
1236 1039 1536 1075 Thessalonicensis
1557 1040 1713 1076 ⁴tribunal
1736 1038 1896 1086 agnosce·

291 1111 377 1134 rent.
433 1097 546 1133 Atilii
569 1108 586 1130 e
611 1107 727 1130 contra
753 1091 1148 1136 Constantinopolitanae
1172 1089 1319 1124 ecclesiae
1342 1090 1508 1126 auxilium
1536 1090 1828 1136 imploraverunt,
1856 1100 1901 1126 ιπ

290 1149 354 1184 fibi
370 1147 541 1183 libertates
558 1145 631 1181 suas
649 1143 876 1182 conservaret,
904 1141 1056 1185 adeoque
1074 1137 1261 1175 constanter
1277 1152 1343 1184 pro
1363 1140 1431 1174 illis
1451 1139 1657 1174 dimicabant
1673 1163 1683 1178 ‚
1728 1151 1768 1175 ut
1783 1138 1901 1175 Rufus

291 1195 598 1233 Thessalonicensis
622 1207 758 1241 paratus
780 1191 885 1227 fuerit
903 1192 950 1225 eis
978 1190 1113 1230 cedere,
1140 1200 1172 1223 et
1198 1187 1325 1223 fecisset
1349 1190 1466 1236 utique
1482 1214 1491 1230 ‚
1520 1187 1579 1223 nifi
1606 1185 1805 1224 Bonrfacius
1831 1188 1898 1223 ele·-

290 1248 384 1293 ganti
403 1245 542 1291 epistola
561 1242 673 1289 ipsum
691 1238 927 1277 confirmasset.
979 1241 1113 1272 Verum
1137 1249 1255 1271 omnes
1282 1236 1521 1272 Thessalorum
1539 1242 1681 1272 conatus
1706 1239 1823 1273 irritos
1843 1236 1895 1272 ef-

289 1295 374 1331 fecit
391 1293 610 1339 imperatoris
628 1288 814 1325 Theodosii
834 1286 1034 1332 rescriptum
1057 1285 1098 1320 ab
1127 1285 1291 1320 Honorio
1306 1285 1340 1318 in
1369 1287 1511 1330 gratiam
1538 1283 1707 1321 Bonifacii
1733 1288 1898 1332 impetra-

293 1356 388 1385 tum,
416 1355 484 1389 quo
503 1341 582 1377 freti
598 1339 745 1375 Romani
764 1334 943 1384 pontifices
961 1333 1135 1369 Bonifacio
1153 1331 1356 1379 posteriores
1373 1334 1643 1380 ad'pellationum
1669 1335 1898 1371 admittenda-

294 1407 372 1430 rum
399 1404 430 1427 et
453 1391 709 1428 ordinationnm
729 1387 972 1434 episcoporum
993 1384 1139 1431 myrici,
1165 1395 1200 1417 ac
1213 1385 1397 1428 praecipue
1423 1383 1770 1428 metropolitanorum
1788 1382 1904 1432 ‘perfi-

292 1444 492 1478 ciendorum
509 1440 567 1489 jus
584 1440 710 1474 vicario
730 1437 790 1472 suo
808 1431 1087 1471 Thessalonicenfi
1112 1431 1269 1477 episcopo
1295 1429 1547 1467 commiserunt.
1601 1434 1733 1469 Verum
1766 1445 1804 1470 ut
1820 1445 1898 1470 mo-

290 1494 453 1531 nuimus,
472 1502 646 1534 nunquam
664 1487 698 1523 id
717 1487 832 1534 potuit
848 1485 1002 1520 obtinere
1022 1508 1031 1520 ,
1059 1482 1137 1526 quia
1162 1478 1282 1513 scilicet
1309 1479 1411 1526 huJus
1436 1481 1590 1526 regionis
1616 1482 1769 1529 episcopi
1795 1482 1895 1519 habe·

291 1542 373 1577 bant
390 1541 541 1576 vicinum
557 1536 968 1582 Constantinopolitanum
999 1541 1138 1575 magnae
1166 1529 1355 1563 autoritatis
1379 1527 1599 1576 episcopum,
1633 1533 1762 1577 quique
1785 1531 1895 1576 stude..

292 1593 348 1626 bat
369 1603 437 1625 non
465 1590 580 1624 minus
595 1600 632 1622 ac
652 1590 823 1623 Romanus
851 1581 1030 1618 dioecesim
1055 1578 1147 1613 suam
1183 1578 1374 1613 extendere.
1429 1579 1481 1613 Ab
1508 1579 1570 1615 isto
1590 1582 1699 1616 vexati
1723 1581 1765 1616 ad
1793 1581 1900 1618 ill'um'

292 1639 550 1686 confugiebant.
605 1638 698 1672 Hinc
713 1636 824 1671 Sixtus
834 1638 1007 1669 Romanus
1019 1628 1134 1664 scribit
1150 1627 1191 1662 ad
1211 1627 1369 1662 Proclum
1388 1627 1817 1677 Constantinopolitanum,
1852 1643 1899 1665 ne

293 1690 472 1737 episcopos
490 1688 531 1723 ad
547 1699 660 1723 curam
687 1680 987 1720 Thessalonicensis
1013 1678 1128 1714 vicarii
1152 1675 1203 1711 sui
1220 1678 1429 1722 pertinentes
1460 1677 1529 1712 fine
1555 1679 1628 1726 ejus
1655 1679 1815 1716 consensu
1834 1680 1897 1716 ad..

291 1742 423 1782 mittat,
450 1734 674 1783 aequumresse
692 1733 846 1770 diffltans
859 1758 866 1772 ,
894 1743 931 1764 ut
949 1729 1031 1764 alter
1047 1727 1184 1762 alterius
1201 1726 1327 1760 honori
1346 1726 1455 1762 debita
1473 1726 1661 1770 reservent,
1690 1741 1794 1775 utque
1810 1731 1894 1765 Pro.

272 1790 384 1824 ‚cium
407 1789 446 1823 ad
464 1788 497 1822 id
517 1786 715 1828 faciendum}
726 1782 932 1830 impelleret,
964 1788 1100 1818 monet,
1131 1775 1163 1811 se
1197 1774 1285 1810 haud
1311 1775 1356 1809 ita
1382 1776 1518 1822 pridem
1543 1777 1686 1814 Idd'uam
1707 1780 1892 1827 Smyrnett-

291 1839 358 1874 sem
379 1837 576 1884 episcopum
596 1849 614 1870 a
632 1834 750 1869 Proclo
768 1833 962 1867 damnatum
981 1827 1021 1862 ad
1041 1826 1073 1862 se
1094 1823 1347 1872 confugientem
1367 1838 1435 1860 non
1455 1824 1650 1872 suscepisse:
1677 1827 1809 1869 Habes,
1837 1829 1894 1863 in.

291 1889 381 1934 quit,
409 1886 655 1934 recenttffimum
682 1895 790 1930 nuper
817 1880 949 1916 habitae
976 1877 1114 1912 aHioni!
1139 1876 1320 1921 exemplum
1347 1877 1472 1920 fratris
1498 1875 1602 1918 nostri
1627 1876 1774 1917 Idduae,
1804 1879 1895 1913 circa

294 1949 386 1986 quem
414 1945 492 1971 tuae
513 1935 760 1982 fraternitatis
787 1932 992 1966 decrevimus
1005 1926 1170 1973 judicium
1198 1923 1372 1970 custodiri,
1403 1927 1589 1973 cognitioni
1614 1935 1691 1961 tuae
1703 1929 1824 1973 facere
1841 1938 1898 1962 nn·

293 1989 397 2021 lentes
422 1987 594 2030 injuriam.
648 1985 695 2017 Ex
714 1982 767 2016 his
786 1978 1070 2018 conslar‚Sixtum
1095 1987 1161 2009 non
1178 1972 1235 2007 {ibi
1255 1971 1406 2007 tribuisse
1426 1974 1478 2020 jus
1500 1974 1773 2020 adpellationum
1803 1980 1899 2011 extra'
1954 2009 1958 2013 ,

292 2033 538 2082 patriarchatus
562 2031 610 2066 sui
628 2032 765 2066 limites.
815 2028 876 2064 Sed
897 2028 961 2061 hoc
981 2023 1172 2071 postulasse,
1195 2033 1231 2056 ut
1253 2022 1543 2066 quemadmodum
1572 2023 1629 2058 ine
1652 2022 1831 2071 episcopos
1849 2024 1895 2060 ad

294 2085 329 2119 se
353 2096 391 2117 ex
420 2082 554 2117 alterius
580 2079 810 2126 patriarchatu
837 2075 1071 2121 confugientes
1096 2085 1163 2108 non
1190 2072 1387 2117 recipiebat,
1421 2073 1467 2106 ita
1494 2071 1895 2120 Constantinopolitanus·

292 2131 474 2179 episcopos
495 2130 621 2180 lllyrici
638 2141 669 2164 et
688 2129 864 2169 Graeciae,
894 2137 980 2171 quos
998 2124 1039 2159 ad
1057 2121 1147 2158 suam
1162 2122 1331 2167 pertinere
1345 2120 1602 2165 arbitrabatur,'
1628 2123 1770 2158 minime
1791 2120 1892 2161 susciz

292 2192 397 2229 peret.

441 2226 683 2264 Nihilominus
703 2236 814 2260 tamen
835 2220 1226 2270 Constantinopolitanus
1244 2218 1374 2256 antistes
1400 2233 1418 2256 a
1445 2220 1625 2268 proposito
1651 2232 1720 2255 non
1746 2217 1892 2262 destitit‚‘

291 2291 326 2325 et
352 2279 529 2331 illyricum
546 2276 662 2315 saltem
680 2275 841 2314 orientale
857 2274 932 2312 suae
952 2270 1091 2322 dioecesi
1113 2271 1312 2313 vindicavit,
1341 2280 1370 2307 et
1396 2268 1467 2317 ipse
1486 2267 1790 2353 Thessaloniciniis
1820 2269 1893 2315 epi»,
1960 2294 1963 2300 .

989 2325 998 2336 ⁸
1343 2322 1358 2336 ⁷
1731 2328 1842 2363 copus,
1926 2321 1933 2326 “
