2023 2760
444 202 950 242 DISSERTATIONES
983 208 1352 249 HISTORICAE,
1615 227 1656 259 ες

90 291 172 332 mit,
199 290 327 326 relistis
344 291 527 326 Viennensi
545 294 707 340 episcopo
727 303 873 340 quatuor
891 295 1025 342 oppidis
1044 298 1224 339 Valentia,
1258 299 1469 347 Tarentafia‚
1499 300 1647 339 Gemma,
1675 315 1709 342 et

90 341 350 388 Gratianopoli‚
376 351 415 376 ut
439 355 510 377 cum
533 346 578 378 eis
600 346 672 390 ipla
693 345 823 379 Vienna
844 345 884 387 sit
908 346 1159 390 conjunffa....
1189 351 1333 396 reliquas
1351 362 1433 385 vero
1448 354 1604 388 civitates
1623 357 1710 400 ejus-

90 390 163 425 dem
185 394 384 437 provinciae
402 391 468 437 sub
493 393 696 440 Arelatensis
721 395 884 438 antistitis
908 395 1112 431 azzfforitate
1138 406 1171 431 et
1195 398 1410 435 ordinatione
1425 401 1589 447 confistere
1599 404 1709 449 jabet.

89 441 170 475 Hoc
188 442 282 485 Beati
293 443 416 475 Leonis
436 441 619 482 decretum,
641 442 734 487 quod
752 453 841 476 extat
859 444 893 477 in
913 444 982 490 ejus
995 457 1046 490 ep.
1058 444 1099 479 ad
1121 449 1428 491 comprovinciales
1444 450 1624 499 episcopos
1641 465 1710 490 mc·

89 489 236 536 tropolis
256 489 473 531 Arelatensis,
491 490 707 526 confirmavit
723 493 947 539 Symmachus
965 506 1017 538 ep.
1040 507 1071 537 9.
1094 494 1133 528 ad
1155 495 1287 531 Galliae
1306 497 1495 545 episcopos.

192 539 296 574 Hisce
323 551 434 574 tamen
464 541 603 574 decretis
626 541 781 576 nondum
799 544 911 576 omnis
929 543 1100 582 altercatio
1121 543 1250 579 sublata
1271 547 1423 586 videtur,
1451 561 1528 584 nam
1547 551 1581 584 in
1598 553 1708 588 conei-

86 587 134 622 lio
153 588 448 624 Francofordienli
468 602 538 635 cap.
557 598 586 629 3,
602 590 690 624 idem
710 590 882 625 decretum
901 604 1104 627 renovatum
1118 593 1163 627 est
1182 594 1235 628 his
1254 595 1386 630 verbis:
1414 598 1468 632 De
1488 600 1709 637 altercatione

88 638 237 683 szfiunis
257 639 448 683 Viennensis
466 643 611 686 episcopi
629 650 663 675 et
681 641 839 686 Elifanti
857 642 1059 688 Arelatenfis
1082 644 1183 680 lec‘ssae
1205 645 1282 686 funt
1300 647 1456 692 epistolae
1467 648 1504 682 B.
1531 649 1707 698 Gregorii,

84 687 235 728 Zozimi,
263 688 397 727 Leonis,
427 698 461 722 et
479 689 673 735 Symmachi,
697 702 781 737 quae
800 689 1010 731 definierunt
1028 703 1072 731 eo,
1098 693 1188 739 quod
1215 695 1407 740 Viennenfis
1422 697 1548 743 ecclefia
1564 709 1709 745 quatuor

78 737 319 782 suffraganeas
336 737 458 772 habere
469 738 557 781 sedes
585 738 666 773 debe
708 749 740 779 r,
769 739 884 786 quibus
907 741 967 774 illa
988 743 1111 788 quinta
1127 746 1386 788 praeemineret.
1438 745 1495 780 De
1510 745 1708 796 Tarentasta

83 797 164 820 vero
193 781 225 821 ξ”τ
249 786 510 832 Ebredmzofive
526 751 784 834 Aquis-fefxtiis
802 791 930 836 legatio
948 790 1044 834 faHa
1063 791 1105 837 est
1121 791 1289 836 adsedem
1307 794 1529 840 apostolicam,
1558 806 1592 832 et
1608 799 1706 846 quid-

82 835 165 883 quid
175 847 236 881 per
255 835 451 882 ponti-ficem
470 838 642 873 Romanae
662 837 804 884 ecclejiae
832 837 1008 880 definitum
1029 843 1166 886 fuer-it,
1196 843 1256 876 hoc
1280 851 1449 879 teneatur.
1503 845 1710 882 Ambiebant

84 883 208 918 stilicet
226 884 360 920 illarum
378 884 504 920 sedium
523 885 676 932 episcopi
693 888 982 933 metropoliticam
1005 888 1213 934 dignitatem,
1233 890 1311 926 licet
1328 894 1418 927 enim
1441 896 1704 939 provinciarum

79 932 177 968 ess'ent
205 935 330 980 capita3
365 935 561 970 Tarentasia
579 937 719 980 quidem
740 936 883 982 Alpium
900 938 1108 981 Graiarum3
1136 940 1357 976 Ebredunum
1374 945 1644 989 maritimarum
1672 959 1704 982 et

85 983 322 1027 Aquaesextiae
344 985 544 1018 Viennenlis
565 987 696 1020 tertiae:
726 987 881 1020 nondum
909 997 1021 1020 tamen
1045 988 1084 1021 ad
1104 990 1392 1034 metropoliticam
1413 993 1612 1037 dignitatem
1633 1009 1703 1031 eve—

83 1031 155 1066 stae
172 1030 323 1073 fuerant,
354 1032 407 1067 sed
424 1033 621 1068 Tarentasia
637 1035 819 1069 Viennensi
845 1045 876 1068 et
894 1046 1036 1068 caeterae
1061 1037 1242 1071 Arelatensi
1262 1041 1516 1085 metropolibus
1535 1042 1703 1090 subjef‘cae

80 1091 185 1117 erant.
238 1081 332 1116 Idem
358 1081 563 1125 quibusdam
584 1083 719 1116 videtur
745 1082 807 1116 effe
833 1082 1043 1117 sentiendum
1072 1085 1112 1118 de
1138 1085 1349 1121 Vesontione
1365 1100 1397 1122 et
1416 1090 1456 1124 de
1474 1093 1645 1128 Senonum
1665 1106 1704 1130 ae

80 1130 337 1165 TuronenlIum
365 1130 505 1165 urbibus
530 1132 566 1164 in
593 1131 703 1165 Gallia
730 1131 968 1176 Lugdunensi,
998 1134 1148 1180 itemque
1173 1137 1414 1180 Magumiaco,
1440 1151 1478 1173 >et
1504 1141 1649 1177 Colonia
1664 1144 1700 1178 in

81 1179 232 1224 Belgica,
261 1192 340 1223 quas
372 1180 502 1213 nonnisi
533 1178 712 1223 progressu
739 1182 905 1224 temporis
932 1183 1141 1225 metropoles
1162 1183 1387 1219 ecclefiasticas
1407 1185 1512 1222 sagias
1531 1189 1594 1225 esse
1611 1191 1699 1228 arbi.

80 1239 230 1264 urantur,
258 1227 314 1261 sed
332 1228 373 1260 de
393 1228 445 1260 his
467 1226 565 1270 plura
583 1226 719 1259 dicendi
740 1239 808 1259 non
828 1227 872 1260 est
892 1227 998 1261 locus.

180 1276 233 1311 Ad
248 1302 250 1305 v
265 1275 338 1310 illas
365 1275 512 1309 ecclelzas
531 1275 639 1313 venio,
657 1286 742 1318 quae
761 1275 949 1319 primatum
970 1277 1059 1309 inter
1076 1287 1216 1311 caeteras
1231 1279 1436 1322 ambierunt,
1465 1294 1498 1318 et
1518 1297 1535 1318 a
1553 1287 1697 1330 pontifi-

76 1325 172 1361 cibus
196 1326 358 1360 Romanis
377 1324 476 1359 illum
495 1323 553 1358 fibi
573 1324 714 1358 concedi
731 1321 960 1369 postularunt.
1011 1328 1098 1359 Ante
1111 1328 1224 1372 omnia
1245 1341 1326 1363 vero
1345 1330 1591 1369 advertendum
1611 1337 1697 1373 mihi

76 1375 231 1413 videtur,
257 1374 380 1420 primis
406 1373 556 1408 ecclesiae
581 1372 718 1409 saeculis
746 1375 800 1408 vix
827 1373 894 1408 ulla
920 1374 1090 1419 primatus
1106 1376 1195 1410 inter
1212 1379 1420 1424 metropoles
1437 1382 1628 1420 Gallicanas
1644 1399 1701 1421 exa

77 1435 148 1459 tare
164 1423 310 1470 vestigia,
329 1436 389 1458 nec
405 1424 509 1459 ullam
535 1435 616 1468 prae
636 1424 773 1457 caeteris
786 1424 995 1458 eminentem
1014 1422 1124 1458 sedem
1153 1425 1372 1472 deprehendi,
1403 1428 1470 1471 seu,
1497 1434 1589 1477 quod
1606 1436 1699 1472 idem

79 1472 142 1512 est,
170 1473 303 1509 nullum
326 1472 424 1508 fuisl‘e
446 1473 530 1508 olim
550 1474 586 1506 in
605 1472 727 1507 Galliis
745 1473 924 1507 exarchum
942 1484 975 1507 et
999 1475 1246 1519 patriarcham,
1274 1477 1326 1512 sed
1346 1478 1498 1524 singulos
1515 1482 1697 1531 episcopos

78 1535 155 1559 cum
175 1523 449 1569 metropolitanis
468 1521 535 1557 suis
555 1521 722 1555 ecclesiam
743 1522 777 1555 in
797 1533 978 1556 commune
997 1523 1131 1563 rexisse,
1167 1527 1260 1570 quod
1277 1527 1354 1562 ideo
1373 1525 1503 1565 fugium
1525 1530 1586 1566 esse
1604 1533 1694 1570 arbi.

54 1573 160 1610 ‘tror,
177 1573 272 1618 quod
285 1573 375 1607 nulla
387 1572 464 1606 esset
488 1571 568 1606 urbs
590 1572 622 1604 in
645 1570 778 1608 Galliis,
797 1583 815 1604 a
832 1583 897 1614 qua
913 1583 1059 1607 caeterae
1079 1586 1198 1610 omnes
1217 1577 1412 1621 penderent,
1432 1591 1468 1614 ut
1488 1580 1523 1614 in
1543 1581 1616 1616 aliis
1637 1596 1713 1621 σι’-Ι

74 1623 129 1657 bis
153 1623 321 1668 partibus,
375 1620 575 1656 Nonnullae
602 1632 714 1654 tamen
744 1619 891 1654 ecclesiae
913 1622 1093 1668 privilegia
1119 1626 1284 1668 quaedam
1305 1640 1324 1661 a
1341 1630 1505 1664 Romanis
1521 1632 1693 1676 pontifici-

74 1671 138 1707 bus
158 1671 398 1707 obtinuerunt,
426 1670 541 1715 quales
563 1670 728 1715 primatus
748 1681 779 1703 et
796 1670 974 1704 vicariatus
996 1671 1150 1716 dignitas.

173 1722 310 1756 Primus
325 1721 485 1755 omnium
504 1718 705 1754 Arelatensis
725 1718 905 1765 episcopus
923 1720 956 1754 in
974 1720 1085 1755 Gallia
1105 1721 1190 1758 sedis
1209 1722 1412 1769 apostolicae
1430 1728 1574 1764 vicarius
1591 1743 1608 1766 a
1627 1733 1693 1768 Zo-'

75 1770 166 1805 zimo
181 1769 383 1805 constitutus
401 1768 461 1804 esse
487 1768 623 1814 legitur.
677 1771 738 1815 Ep.
763 1782 789 1812 5.
817 1768 918 1815 hujus
937 1768 1173 1814 pontificisad
1192 1773 1323 1809 Galliae
1341 1774 1539 1823 episcopos,
1567 1781 1602 1814 in
1622 1794 1689 1827 qua

72 1821 137 1855 tria
148 1820 302 1855 concedit
319 1818 498 1854 Arelatensi
516 1817 601 1860 sedi;
632 1830 707 1853 1.ut
724 1820 783 1863 qui
800 1820 942 1853 Romam
963 1831 979 1852 e
1000 1818 1111 1854 Gallia
1129 1823 1284 1864 veniunt,
1311 1824 1437 1860 litteras
1457 1829 1625 1874 accipiant
1643 1831 1684 1867 ab

74 1868 234 1916 episcopo
260 1868 440 1904 Arelatensi
467 1869 632 1917 Patroclo.
689 1881 719 1904 2.
749 1871 798 1903 Ut
824 1881 887 1913 per
918 1869 1142 1904 Viennensem
1167 1880 1199 1904 et
1224 1873 1485 1912 Narbonensem
1505 1888 1688 1926 utramque

72 1919 302 1954 ordinationes
322 1917 485 1964 perficiat.
543 1929 572 1962 3.
602 1920 652 1952 Ut
671 1931 723 1952 eas
743 1917 920 1964 parochias
939 1919 1094 1959 retineat,
1123 1932 1205 1965 quas
1224 1922 1412 1966 antiquitus
1431 1925 1557 1968 habuit,
1584 1940 1687 1966 etiam

70 1980 160 2004 extra
184 1968 357 2003 territoria
384 1966 452 2003 sua.
505 1970 554 2002 Ex
572 1968 614 2002 iis
632 1968 824 2013 privilegiis
844 1965 1031 2013 posteriora
1049 1968 1118 2004 duo
1135 1982 1151 2004 a
1169 1969 1342 2015 pontificis
1363 1975 1523 2011 vicariatu
1544 1977 1687 2016 minime

70 2029 292 2064 repetuntur,
322 2016 377 2052 sed
406 2031 423 2052 a
451 2016 616 2063 dignitate
643 2015 727 2052 sedis
754 2017 963 2052 Arelatensis.
1018 2019 1170 2053 Primum
1192 2032 1272 2054 vero
1294 2022 1387 2068 quod
1407 2029 1683 2073 contemplatione

71 2071 266 2104 meritorum
283 2068 439 2102 Patroclo
458 2065 675 2105 conceditur,
703 2066 830 2101 nullam
846 2067 895 2101 illi
912 2066 1031 2102 tribuit
1047 2069 1081 2101 in
1101 2068 1228 2102 Gallias
1246 2069 1534 2116 jurisdiffionem,
1563 2075 1619 2111 sed
1637 2079 1679 2114 iis

66 2117 176 2163 legem
193 2116 267 2152 satis
284 2116 536 2152 incommodam
552 2117 714 2163 imponit,
731 2118 994 2161 quiRomanum
1018 2116 1218 2164 pontificem
1232 2119 1322 2154 adire
1339 2121 1477 2162 vellensi
1491 2137 1592 2172 quam
1610 2128 1682 2172 qui-

67 2166 144 2202 dem
165 2166 280 2202 locum
300 2179 370 2202 non
388 2164 538 2201 habuisse
553 2166 837 2201 verisimillimum
854 2165 908 2202 est.

165 2217 355 2251 Vicariatus
373 2215 476 2264 hujus
493 2215 568 2264 jura
583 2215 718 2251 videtur
734 2216 835 2251 latius
847 2216 1024 2251 extendere
1041 2217 1263 2264 Symmachus
1279 2231 1332 2265 ep.
1360 2233 1412 2258 10.
1430 2222 1471 2257 ad
1487 2222 1681 2264 Caesarium

68 2263 196 2314 352ng
219 2276 244 2316 ᾗ
266 2267 370 2304 Cone,
383 2277 417 2310 4,
435 2264 499 2315 901:
518 2277 622 2313 1310,
651 2266 687 2314 in
707 2277 774 2315 qua
790 2266 1006 2309 manentibus
1024 2264 1237 2315 singularum
1253 2268 1464 2308 ecclesiarum
1480 2274 1676 2321 privilegiis

861 2318 893 2353 D
1515 2322 1626 2361 decer-
