1940 2728
251 210 327 248 464
451 202 522 236 DE
567 197 843 238 ANTIQUA
893 192 1173 229 EchESIAE
1226 192 1563 230 DISCIPLINA

922 281 952 323 §.
1003 282 1087 315 VI.

346 393 577 446 Respondetur
601 387 857 429 aufforitatihus
882 386 1116 435 theologorum
1143 398 1183 423 ac
1207 385 1450 434 canonistarum
1477 386 1660 423 recentium.

210 499 491 596 Quamquam
518 503 744 540 Bellarmiuus
773 512 861 547 opus
889 499 986 534 suum
1012 499 1047 532 in
1070 496 1257 532 Barclaium
1284 495 1437 530 ordiatur
1460 508 1478 529 a
1497 496 1739 542 theologorum
1764 503 1817 531 cg.-

210 559 211 562 ¹
335 557 610 598 nonistarumque
637 552 720 586 bene
747 551 955 586 multorum,
984 548 1068 592 quos
1086 548 1120 580 in
1139 545 1194 580 sua
1211 545 1372 580 sententia
1391 543 1516 578 versari
1545 543 1706 586 affirmat,
1733 557 1815 580 enu0

213 610 422 646 metatione,
451 617 488 640 ut
506 603 583 638 iude
598 601 720 647 probet
737 599 935 644 singularem
962 609 998 630 ac
1025 597 1235 630 temerariam
1262 592 1322 628 else
1350 593 1489 627 Barclaii
1515 593 1724 629 sententiam:
1753 605 1819 629 nos

211 670 323 694 tamen
350 656 432 690 istud
460 662 696 698 argumentum
728 648 769 682 ad
799 647 920 682 calcem
944 645 1123 690 rejecimus
1142 668 1150 683 ‚
1184 655 1225 677 eo
1247 643 1341 686 quod
1369 644 1527 677 omnium
1547 644 1583 678 szt
1601 642 1814 679 leviffimum.

209 709 406 744 Enimvero,
437 704 512 747 quis
532 712 601 734 non
622 698 742 734 videat,
771 709 900 731 eorum,
922 695 978 738 qui
998 692 1074 738 post
1096 704 1222 726 motam
1243 693 1329 726 inter
1347 691 1568 736 imperatores
1586 706 1622 727 ac
1641 691 1821 738 pontifices

215 770 250 792 ea
270 756 310 790 de
331 767 365 789 re
378 753 472 786 litem
490 747 712 793 seripserunt,
739 744 966 777 testimonium
984 741 1109 774 nullius
1126 752 1184 774 aut
1198 742 1280 773 levis
1300 740 1422 773 debere
1445 741 1478 774 in
1496 740 1554 774 ista
1573 740 1635 776 effe
1655 740 1820 786 quaestio.

214 819 256 842 ne
275 802 457 840 momenti,
484 810 560 832 cum
580 793 689 829 studio
705 793 856 837 partium
877 790 1007 834 abrepti
1025 790 1060 822 in
1079 789 1164 822 hanc
1183 788 1236 821 vel
1254 787 1345 820 illam
1363 786 1563 821 sententiam
1580 792 1714 824 iverint.
1760 792 1820 824 Ita-

215 868 281 901 que
298 847 495 899 hujusmodi
516 845 697 879 hominum
722 839 920 878 anaoritas,
948 849 1050 882 quam
1069 848 1161 872 tanto
1184 835 1364 870 molimine
1382 847 1558 881 exaggerat
1574 833 1825 879 Bellermffius'

213 902 319 940 frasta
338 899 444 936 statim
458 897 542 943 ‘jacet
561 903 660 936 atque
676 889 853 935 prostrata.
888 889 985 921 Haec
1002 887 1133 931 quippe
1152 885 1284 930 semper
1305 883 1429 918 servata
1448 884 1492 919 est
1511 887 1545 919 in
1564 886 1696 920 ecclelia
1710 887 1827 931 aequi-

215 964 282 991 tas,
311 962 347 984 ut
366 960 409 981 ne
428 948 461 980 in
479 943 683 979 haereticos,
709 937 847 982 quidem
865 936 921 970 alii
940 935 1032 970 testes
1051 947 1087 968 ac
1103 935 1231 981 judices
1251 933 1545 979 producerentur,
1575 947 1676 981 quam
1697 937 1740 976 ii,
1761 936 1823 980 qui

213 1012 290 1037 ante
307 1007 434 1033 motam
452 993 545 1027 litem
564 987 745 1034 scripsere,
773 987 903 1031 quique
927 995 1110 1030 propterea
1136 983 1175 1017 ab
1201 984 1294 1017 omni
1322 981 1431 1017 studio
1454 985 1603 1028 partium
1631 985 1729 1019 alieni
1753 982 1826 1019 fue-

215 1061 305 1087 runt.
358 1047 412 1082 Sic
429 1039 601 1078 confossus
620 1042 807 1074 Artemon,
835 1036 878 1070 fic
895 1032 1068 1068 convi‘dus
1087 1035 1210 1072 Arius,
1237 1031 1278 1066 fic
1292 1030 1459 1066 refutatus
1483 1031 1681 1074 Nestorius,
1710 1033 1753 1068 fic
1776 1046 1827 1069 re-

215 1096 345 1147 pressus
364 1092 551 1141 Eutyches,
579 1088 795 1135 ficJulianus
813 1085 854 1119 ab
877 1081 1069 1129 Augustino
1088 1083 1283 1127 exagitatus.
1338 1084 1462 1125 Atque,
1491 1093 1531 1116 ut
1548 1083 1612 1116 alia
1629 1085 1774 1124 mittam,
1790 1085 1829 1118 in

214 1146 360 1184 concilio
382 1141 590 1179 Florentino.
611 1139 700 1172 iuter
717 1137 866 1170 Graecos
886 1131 1092 1176 Latinosque
1112 1132 1286 1171 convenit,
1318 1141 1354 1164 ut
1372 1129 1484 1165 nullus
1501 1131 1542 1165 ab
1561 1143 1703 1176 utraque
1729 1143 1830 1178 parte

217 1199 257 1233 de
277 1191 489 1243 proceffione
509 1188 646 1235 spiritus
666 1183 768 1221 sanffi
785 1183 932 1230 scriptor
948 1182 1106 1216 laudetur
1119 1207 1128 1222 ‚
1155 1181 1213 1225 qui
1234 1179 1308 1226 post
1324 1179 1438 1214 Photii
1463 1192 1618 1226 tempora
1645 1180 1829 1227 scripfiffer·
1857 1204 1860 1206 ,

218 1247 344 1285 Eadem
370 1244 458 1277 inter
475 1252 536 1274 nos
556 1249 587 1272 et
605 1235 848 1271 Bellarminum
870 1232 992 1267 servari
1019 1230 1115 1265 debet
1133 1231 1302 1274 aequitas,
1316 1240 1383 1284 ‘ut
1407 1241 1515 1277 neque
1539 1243 1602 1265 nos
1628 1231 1664 1265 in
1691 1242 1830 1272 eorum,

218 1297 280 1342 qui
299 1291 374 1339 post
391 1289 556 1336 Gregorii
581 1285 714 1331 septimi
740 1295 893 1328 tempora
919 1294 985 1327 pro
1010 1280 1108 1314 nobis
1135 1279 1296 1313 steterunt
1321 1276 1518 1313 auetoritate
1543 1281 1611 1314 vim
1645 1277 1829 1321 faciamus,

219 1356 280 1380 nec
298 1342 354 1376 ille
372 1340 452 1374 velit
470 1351 487 1371 a
506 1335 603 1370 nobis
623 1347 680 1368 eos
697 1332 897 1377 scriptores,
926 1331 984 1375 qui
1000 1329 1078 1375 post
1098 1328 1191 1364 idem
1218 1339 1353 1374 tempus
1382 1328 1419 1361 in
1444 1327 1547 1373 ipsius
1570 1329 1732 1363 sententia
1753 1326 1830 1363 fue-

223 1403 323 1431 runt,
350 1391 385 1425 in
402 1384 632 1423 anaoritatem
651 1381 797 1415 admitti.

373 1478 444 1514 Illis
463 1486 587 1522 porro,
615 1481 702 1515 quos
718 1466 842 1502 laudat,
869 1462 1092 1509 scriptoribus
1117 1473 1156 1496 eo
1183 1462 1298 1495 minus
1323 1458 1403 1494 fidei
1423 1459 1585 1498 debetur,
1611 1463 1707 1506 quod
1732 1464 1833 1502 pleri.

225 1543 294 1578 que
311 1540 429 1564 eorum
449 1538 465 1560 e
483 1519 730 1560 canonistarum
749 1516 825 1550 sunt
839 1512 992 1560 populo,
1019 1522 1105 1554 quos
1122 1511 1260 1554 regibus
1285 1509 1424 1552 iniquos
1449 1508 1653 1554 pontificum
1678 1505 1833 1550 achilam,

224 1594 277 1616 res
292 1606 300 1619 ,
326 1591 363 1612 ac
381 1576 484 1611 solius
502 1568 670 1619 pontificii
683 1567 766 1614 juris
783 1563 913 1610 peritos
933 1559 993 1594 effe
1011 1571 1111 1594 nemo
1138 1557 1248 1594 nescit.
1300 1557 1435 1602 Reliqui
1456 1570 1537 1594 vero
1563 1558 1716 1607 theologi
1728 1574 1833 1598 cano-

225 1628 389 1664 nistarum
406 1637 442 1658 ea
465 1624 553 1656 in-re
580 1618 766 1662 sequuntur
791 1610 1029 1647 augloritatem
1046 1634 1054 1648 ,
1084 1620 1201 1643 omnes
1228 1619 1299 1641 non
1325 1605 1494 1642 sacrarum
1523 1607 1732 1652 litterarum,
1761 1624 1834 1648 non

224 1675 417 1712 traditionis
446 1670 663 1705 austeritate,
690 1663 747 1698 sed
765 1672 895 1697 tantum
914 1658 1013 1705 gestis
1033 1668 1065 1692 et
1084 1655 1184 1692 distis
1201 1654 1426 1702 pontificum,
1453 1668 1511 1693 aut
1535 1654 1694 1695 futilibus
1719 1662 1834 1697 omni-

226 1739 273 1762 no
295 1722 487 1761 rationibus
507 1718 710 1765 opinionem
729 1711 824 1747 istam
843 1719 993 1744 tuentur.

376 1813 435 1846 Eat
453 1819 554 1853 ergo,
580 1815 613 1838 et
633 1812 797 1848 quantum
817 1798 909 1834 volet
925 1793 1126 1845 hujusmodi
1149 1793 1329 1830 hominum
1357 1794 1550 1840 patrocinio
1573 1795 1738 1842 glorietur
1762 1797 1836 1833 Bel-

228 1864 412 1905 larminus;
440 1853 637 1904 hujusmodi
667 1853 727 1886 nos
754 1858 810 1884 aut
835 1858 998 1894 patronos
1023 1856 1080 1880 aut
1105 1842 1313 1879 adversarios
1337 1856 1460 1890 parum
1481 1856 1648 1881 curamus.
1703 1849 1835 1889 Quam-

229 1925 331 1959 quam
350 1923 380 1946 et
397 1922 436 1943 ex
452 1909 493 1942 iis
511 1901 693 1940 nonnullos
712 1898 883 1945 possemus
902 1897 1101 1945 eiperipere,
1130 1903 1161 1929 et
1176 1892 1259 1927 alios
1279 1905 1345 1939 pro
1370 1893 1468 1928 nobis
1498 1892 1618 1929 stantes
1643 1907 1836 1942 opponere,
1870 1914 1873 1917 ⁴

228 1973 379 1998 caeteros
402 1969 518 1994 omnes
538 1953 604 1988 fide
623 1948 764 1997 prorsus
783 1947 942 1993 indignos
956 1944 1151 1985 ostendere3
1177 1940 1285 1976 sedin
1311 1941 1380 1977 istis
1408 1954 1544 1989 tempus
1568 1955 1676 1979 terere
1711 1957 1773 1979 nec
1797 1944 1838 1979 li-

231 2012 305 2052 bet,
334 2021 395 2043 nee
412 2019 514 2041 vacat.
568 2003 638 2045 Qui
664 1996 831 2034 studiosus
852 1996 990 2031 istarum
1008 2006 1124 2030 rerum
1141 1988 1261 2032 fuerit,
1288 1991 1438 2027 consulat
1465 1995 1629 2041 Joannem
1646 1993 1838 2030 Barclaium

231 2074 263 2096 et
282 2056 494 2095 Roffensem‚
523 2053 618 2098 quia
636 2048 839 2096 scriptorum
861 2059 879 2083 a
895 2045 1102 2082 Bellarmino
1132 2041 1348 2079 laudatorum
1372 2048 1465 2090 κρινεῖ
1488 2068 1497 2086 ,
1533 2055 1638 2091 opera
1660 2040 1717 2079 sua
1735 2054 1834 2079 exor-

234 2110 387 2147 diuntur.

1654 2285 1682 2325 §-
1707 2284 1787 2328 ‚vm
