2022 2733
302 165 1206 210 mssr-:RTATonesfflsromcmc.
1238 175 1400 212 nissm.
1425 177 1471 213 v.
1595 190 1668 224 295

95 257 203 292 totius
219 256 380 303 eeclesiae,
408 268 489 306 ergo
504 266 579 293 tota
603 257 732 306 ecelesia
747 260 840 295 illum
865 261 988 296 audire
1007 270 1042 297 et
1058 264 1159 311 sequi
1191 274 1343 308 tenetur,
1385 278 1470 316 ergo
1481 266 1506 313 [ἱ
1523 267 1580 302 ille
1602 272 1718 306 erret,

97 314 172 342 tota
199 306 324 353 ecclcfia
348 305 492 342 errabit.

194 354 399 401 Respondeo
424 368 496 390 non
521 353 629 390 solum
656 358 818 397 Petrum,
844 358 902 394 sed
920 371 1038 400 omnes
1057 360 1230 407 apostolos
1247 374 1280 398 et
1297 377 1418 400 eorum
1436 360 1634 401 successores
1651 377 1714 411 pa·

94 402 202 441 stores
224 403 290 440 effe
306 406 426 441 ovium
436 403 574 442 Christi,
584 404 733 451 ipsisque
750 408 784 441 in
802 408 951 454 persona
961 412 1052 445 Petri
1068 410 1197 447 distum
1215 412 1314 448 fuisse
1332 414 1418 450 illud
1428 417 1521 462 pasce
1530 427 1604 450 oves
1613 427 1711 452 meas.

94 465 128 490 et
142 465 253 490 tamen
276 468 377 490 nemo
405 454 580 490 contendit
602 453 754 500 fingulos
772 457 920 493 ecclesiae
938 459 1088 504 pastores
1104 458 1275 496 infallibili
1290 463 1417 509 judicio
1436 465 1612 510 praeditos
1630 462 1710 498 effe:

91 503 138 539 ita
165 504 258 540 hunc
276 504 393 540 locum
414 505 454 540 ad
483 516 607 540 omnes
628 506 773 539 omnino
796 506 969 550 apostolos
989 519 1019 542 et
1036 512 1228 544 animarum
1245 524 1360 547 curam
1380 513 1542 547 habentes
1559 513 1712 548 referunt

89 552 293 590 Ambrosius
314 553 372 589 lib.
401 567 433 590 2.
460 554 501 588 de
525 553 686 597 dignitate
709 551 926 590 sacerdotali:
953 558 1066 597 Pasce,
1096 559 1228 601 inquit,
1252 572 1331 594 oves
1356 573 1457 601 meas,
1487 575 1563 608 quas
1583 573 1656 596 oves
1678 571 1713 596 et

90 615 183 652 quem
196 616 344 652 gregem
363 615 431 638 non
440 604 549 648 solum
563 611 642 637 tunc
651 603 689 637 B.
705 603 826 638 Petrus
835 605 998 651 suscepit,
1017 605 1081 650 sed
1098 614 1132 641 et
1149 606 1313 643 nobiscum
1334 621 1389 644 eas
1397 611 1561 656 simepit,
1589 619 1623 644 et
1641 623 1712 645 cum

87 654 148 688 illo
171 665 224 687 eas
246 666 300 687 nos
317 653 526 698 suscepimus
550 662 666 687 omnen
720 653 754 686 S.
785 656 874 698 Aug.
900 653 994 689 trast.
1016 667 1075 699 47.
1094 656 1128 689 in
1147 658 1332 703 Joannem:
1358 659 1408 694 Et
1423 659 1557 707 quidem
1573 662 1710 705 fratres

89 702 177 750 quod
189 701 302 748 pastor
318 701 360 748 est
383 698 582 746 (Christus)
609 700 708 736 dedit
725 710 758 737 et
775 702 929 738 membris
939 705 1022 749 suis.
1073 706 1163 740 Nam
1181 715 1214 741 et
1233 708 1354 742 Petrus
1369 708 1502 754 pastor,
1526 717 1562 744 et
1586 710 1709 744 Paulus

81 751 199 798 pastor
224 760 257 786 et
271 753 410 786 -caeterz'
435 750 571 797 apostoli
591 750 738 796 pastores
758 760 791 787 et
809 751 886 787 boni
901 755 1061 801 episcopi,
1111 757 1243 791 Verum
1261 756 1384 792 etiamfi
1407 758 1493 793 istud
1518 756 1647 793 digium
1665 757 1707 793 ad

83 799 196 836 solum
223 802 358 835 Petrum
385 811 416 834 et
439 799 514 848 ejus
537 797 731 836 successores
750 802 959 847 pertineret,
985 816 1054 838 non
1079 802 1230 849 sequitur
1248 818 1306 841 eos
1326 805 1388 841 effe
1405 807 1618 848 infallibilia,
1646 819 1708 842 nec

84 849 171 886 val-et
188 850 409 885 ratiocinium
426 848 645 887 Bellarmini,
669 862 749 885 eum
765 852 854 886 enim
873 864 1004 893 errant,
1033 853 1188 890 defluunt
1206 854 1372 891 eccleliam
1390 856 1535 902 pascere,
1545 868 1582 892 ut
1600 869 1706 903 opor-

84 910 150 935 tet:
175 900 250 934 imo
276 899 438 934 occidunt
464 911 517 934 eas
541 899 659 945 potius
684 912 787 945 quam
812 901 972 947 pascunt,
1000 903 1088 938 unde
1105 917 1174 939 non
1195 916 1352 940 tenentur
1370 906 1445 954 ejus
1464 919 1542 940 oves
1561 919 1637 941 eum
1659 905 1708 941 se-

85 950 155 994 qui,
174 960 253 983 cum
269 948 387 984 vident
402 947 436 984 se
448 946 683 984 iri-mortifera
700 948 822 995 pascua
840 951 934 985 duci:
961 964 1030 986 non
1050 954 1142 989 enim
1161 967 1240 989 oves
1259 955 1364 1000 pascit
1380 955 1604 993 irrationales,
1621 967 1705 1000 quas

82 1009 150 1045 pro
171 996 315 1032 arbitrio
333 1009 367 1033 et
389 1009 497 1035 nutu,
519 1010 589 1042 quo
615 998 772 1039 voluerit,
790 1011 891 1044 agere
905 999 1025 1046 poffit,
1051 1001 1106 1037 led
1134 1015 1220 1048 quae
1236 1005 1365 1039 ratione
1383 1015 1414 1039 et
1430 1005 1704 1050 persuasionibus

82 1047 175 1095 pasci
193 1046 356 1085 debeant,
382 1047 448 1081 hoc
466 1044 531 1084 est,
556 1046 669 1081 doceri
688 1059 720 1082 et
733 1050 876 1089 moveri,
905 1060 943 1084 ut
959 1049 1082 1096 sponte
1097 1050 1268 1088 Christum
1285 1053 1412 1092 colant,
1440 1054 1582 1102 ejusque
1600 1052 1703 1090 fidem

60 1109 121 1141 ¹ac.
145 1096 349 1141 religionem·
372 1095 538 1130 illibatam
569 1095 712 1131 servent.
765 1099 859 1132 Haec
880 1095 952 1133 fere
976 1099 1070 1137 sunt,
1090 1113 1180 1145 quaev
1202 1102 1383 1138 adversarii
1401 1116 1438 1138 ex
1459 1102 1562 1139 sacris
1579 1103 1702 1139 litteris

81 1157 283 1193 argumenta
305 1145 530 1191 depromunt,
558 1157 644 1189 quae
665 1145 793 1181 nullius
820 1148 920 1192 plane
944 1147 1079 1184 roboris
1097 1148 1160 1185 effe
1178 1164 1217 1186 ex
1234 1150 1337 1186 diffls-
1352 1165 1455 1188 nemo
1473 1166 1546 1189 non
1560 1152 1699 1195 videbit,

81 1207 145 1231 nec
167 1196 334 1240 gravioris
361 1194 438 1230 sunt
458 1206 626 1228 momenti
645 1207 693 1235 ea,
714 1207 799 1239 quae
813 1196 854 1230 'ex
872 1196 1068 1233 sanstorum
1084 1212 1226 1245 patrum
1241 1212 1299 1236 aut
1315 1202 1521 1248 pontificum
1540 1202 1701 1250 operibus

80 1245 238 1293 genuinis
257 1243 453 1279 desumunt,

179 1296 271 1329 Inter
296 1305 335 1327 ea
356 1304 436 1328 vero
452 1291 607 1337 primum
629 1303 669 1326 ac·
682 1292 879 1338 principem>
894 1292 1147 1330 locum-tenere
1161 1296 1296 1332 videtur
1313 1297 1398 1334 illud
1417 1300 1564 1336 Hieron.
1586 1312 1640 1345 ep.
1658 1299 1701 1334 ad

78 1340 273 1383 Damasum,
301 1343 336 1377 in
356 1354 420 1386 qua
439 1339 618 1387 postquam
638 1340 743 1377 dixit:
772 1342 961 1378 Catlzedrae
979 1345 1075 1380 Petri
1091 1349 1313 1383 communione
1330 1351 1511 1393 consocior,
1538 1352 1640 1395 super
1661 1350 1701 1383 120

78 1395 143 1430 lam
163 1402 296 1440 petram
322 1391 533 1434 aedificatam
558 1391 714 1437 ecclefiam
728 1393 815 1436 scio,
842 1397 1034 1441 quicumque
1050 1404 1148 1429 extra
1165 1397 1247 1430 lzanc
1262 1397 1390 1432 domum
1409 1411 1538 1445 agnum
1557 1399 1700 1434 comede-

77 1445 141 1483 rit,
161 1443 358 1490 prophanus
376 1444 460 1481 erit,
484 1441 509 1485 fi
527 1443 604 1486 quis.
619 1442 655 1474 in
668 1453 746 1474 arca
763 1442 838 1475 Nee
853 1455 918 1477 non
934 1443 991 1488 est,
1018 1444 1147 1490 peribit
1165 1457 1334 1492 regnante
1351 1448 1490 1484 diluvio.
1542 1447 1696 1488 Addidit,

77 1492 257 1537 discernite
271 1491 301 1538 fi
325 1493 455 1537 pl‘acet,
482 1488 623 1532 obsecro,
651 1501 716 1523 non
741 1490 859 1524 timebo
878 1501 947 1526 tres
968 1493 1150 1539 hypostases
1171 1494 1300 1536 dicere,
1320 1496 1350 1542 Ji
1359 1497 1510 1544 jubetis,
1537 1506 1598 1532 etc.
1619 1497 1703 1534 ubi-0-

77 1542 245 1586 inquiunt
261 1539 389 1575 adserit
407 1538 649 1584 Hieronymus
668 1536 700 1570 se
718 1548 794 1573 tuto
813 1537 908 1582 sequi
929 1541 1024 1586 poss'e
1041 1541 1235 1579 sententiam
1254 1547 1399 1581 Romani
1416 1544 1598 1592 pontificis,
1616 1548 1697 1591 quia

77 1592 178 1634 novit
202 1589 305 1635 super
329 1601 407 1623 eum
433 1586 601 1622 ecclesiam
622 1585 685 1620 else
702 1584 898 1626 fundatam,
925 1600 957 1623 et
972 1603 1065 1625 ex-tra
1082 1591 1158 1639 ejJus
1175 1595 1453 1631 communionem
1471 1595 1606 1631 salutem
1627 1608 1695 1630 non

76 1638 158 1675 effe:
184 1638 308 1675 deinde
331 1649 413 1676 cur,
436 1638 617 1682 inquiunt,
646 1637 884 1683 Hieronymus
911 1640 1015 1674 totius
1039 1642 1181 1676 orientis
1199 1642 1241 1677 de
1257 1643 1501 1690 hypostasibus
1514 1643 1696 1680 sententiae

77 1701 111 1724 et
135 1688 264 1736 judicio
291 1685 498 1732 acquiescere
531 1683 702 1723 noluisset,
731 1686 984 1733 imperiumque
1003 1691 1148 1723 Romani
1167 1692 1340 1735 pontificis
1355 1694 1395 1728 ad
1417 1705 1482 1728 tres
1499 1692 1700 1741 hypostases-

71 1736 300 1786 ngnoscendas
319 1735 534 1781 expestafl'et,
562 1735 623 1769 nisi
641 1734 868 1780 putasseteum
889 1738 921 1770 in
940 1737 1124 1783 judicando
1143 1737 1219 1773 falli·
1236 1753 1309 1775 non
1325 1742 1443 1787 posse?

80 1819 83 1823 ,
173 1780 376 1832 Respondeo
404 1798 443 1820 ex
469 1785 582 1819 verbis
604 1786 814 1833 Hieronymi
835 1784 955 1821 inferri
974 1799 1042 1822 non
1061 1787 1155 1833 posse
1171 1792 1315 1825 Romani
1334 1790 1695 1838 pontificisjudicium‘

75 1836 146 1874 efle-
161 1834 359 1876 infallibile,
388 1833 444 1869 sed
471 1835 589 1880 magni·
615 1846 744 1870 tantum
763 1835 926 1880 ponderis
947 1847 979 1871 et
996 1839 1158 1872 momenti
1184 1839 1274 1885 apud
1293 1840 1406 1886 ipsum
1424 1838 1521 1875 fuiffe
1541 1841 1694 1875 ecclelia&

73 1891 246 1925 Romanae
265 1882 466 1921 sententiam>
484 1896 586 1929 atque
601 1886 881 1919 communionem
895 1898 907 1917 ι.
929 1885 994 1920 hoc
1011 1897 1141 1923 tant-um
1164 1889 1236 1934 eius
1254 1890 1356 1925 verba
1374 1889 1603 1935 sonant-,quae
1625 1890 1692 1925 irn-

75 1938 205 1974 merito
226 1935 266 1970 ad
296 1933 573 1969 infallibilitatem
600 1932 813 1968 astruendam*
828 1935 1031 1970 trahuntur:
1059 1938 1106 1971 ait
1123 1948 1239 1972 autern
1254 1937 1288 1973 se
1306 1950 1388 1975 tutov
1399 1938 1492 1984 sequi
1511 1938 1603 1985 posse
1623 1941 1690 1975 Ro=

74 1988 168 2024 mani
195 1983 366 2032 pontificis
395 1982 608 2023 sententiam,
636 1984 714 2028 qnia
741 1983 866 2019 scilicet
893 1984 1123 2026 diffidentibus
1151 1986 1428 2035 dehypostai'eos
1448 2001 1530 2024 voce
1548 1988 1688 2024 ecclesiis

74 2039 189 2073 totius-1
212 2035 326 2075 orbis,
356 2044 495 2079 poterat
521 2033 596 2079 ipse
617 2034 663 2068 ad·
686 2046 757 2068 eam
787 2047 886 2078 quam
913 2035 1014 2070 vellet
1030 2048 1162 2081 partem
1181 2038 1353 2075 accedere,
1383 2039 1472 2072 unde
1492 2052 1559 2072 non
1581 2039 1692 2074 solius>

73 2089 249 2127 Romanae
260 2083 646 2120 ecclesiae-autoritatem
660 2082 815 2123 adducit,
844 2083 897 2118 sed
920 2085 1177 2120 occidentalium
1203 2088 1360 2122 omnium
1375 2101 1404 2123 et
1421 2089 1689 2136 Aegyptiomrm¹

75 2127 318 2173 Haeretieum,
341 2134 473 2180 inquit,
503 2146 559 2168 me·
585 2146 658 2168 cum-
679 2134 860 2173 occidente‚
889 2135 1090 2169 haereticum
1119 2148 1190 2169 cum
1219 2138 1396 2183 Aegypta,
1435 2138 1496 2173 hoc
1517 2139 1578 2183 est,
1614 2151 1684 2173 cum

75 2186 220 2230 Damaso
243 2187 422 2231 P‘etroque,
452 2184 530 2228 quia
555 2181 680 2218 scilicet
703 2182 774 2217 istis>
800 2183 934 2218 duobus
957 2183 1185 2219 adhaerebunt
1207 2187 1428 2221 occidentales
1458 2198 1492 2221 et
1517 2187 1687 2232 Aegyptii

75 2246 218 2276 omnes,
241 2234 482 2274 condemnent&
503 2232 587 2283 quid
606 2235 702 2280 enim
725 2233 892 2271 hominem.
914 2237 1058 2283 exceptis
1070 2235 1172 2280 ,sociit
1187 2238 1433 2275 criminamur„
1477 2236 1693 2279 Suquebatuifr

1520 2296 1635 2331 porro
