2022 2733
290 211 798 252 Dx'ssER-TATonES
835 215 1471 255 1118T0R1CAE.D1ssmr.111.
1579 228 1652 265 227

80 312 221 340 mentes.
274 305 354 338 Hoc
371 301 532 350 responso
552 301 763 350 exasperatus
789 303 948 350 pontifex
975 307 1362 343 excommunicationem
1385 309 1419 342 in
1445 320 1560 354 regern
1589 308 1667 343 tulit
1687 335 1696 352 ‚

79 343 241 390 sed'hanc
257 353 427 388 Gallicani
446 352 676 400 episcopipro
711 354 808 388 irrita
830 355 1033 398 habuerunt,
1052 370 1084 393 et
1099 357 1140 391 ad
1159 354 1318 392 futurum
1345 357 1526 393 concilium
1557 370 1698 404 genera-

81 401 115 436 le
130 413 426 448 provocaverunt,
452 415 666 448 quapropter
682 402 958 442 Benedifiaeusxl.
977 405 1144 442 Bonifacii
1164 404 1328 442 successor
1347 419 1485 442 cernens
1502 419 1697 443 excommu-

80 451 284 487 nicationem
302 451 511 498 pontificiam
533 451 631 486 flocci
650 450 740 492 fieri,
766 464 878 500 regem
900 469 963 491 non
978 466 1145 503 petentem
1164 459 1368 502 asententia
1385 460 1703 493 excommunicatio-¹

79 503 133 536 nis
147 513 212 548 per
224 502 505 548 praedeceſjorem
523 503 619 546 sumn
638 503 708 535 lata
725 500 877 545 absolvit.
1154 542 1162 551 ⁸

230 548 431 585 BenediEius
446 553 521 587 XII.
538 550 713 585 Avenione
732 549 865 590 sedens,
893 552 935 586 de
951 552 1146 597 episcopa-tu
1163 553 1318 586 Romano
1336 564 1411 586 cum
1431 554 1606 599 Gregorio
1617 566 1696 590 tunc

79 601 207 634 Romae
224 599 354 636 sedenti
370 600 574 635 contendens
594 599 717 633 carolo
734 601 793 633 VI.
813 599 1002 636 Galliarum
1029 602 1101 647 regi
1131 600 1517 636 excommunicationem
1544 604 1695 637 intermi-

79 660 179 683 natus
203 649 265 690 est,
293 662 333 684 eo
351 650 445 694 quod
464 650 498 682 in
518 649 633 682 animo
649 659 707 682 rex
725 646 862 685 haberet
878 648 910 684 se
927 661 1143 696 regnumque
1162 647 1262 683 suum
1284 648 1324 683 ab
1351 650 1529 694 utriusque
1551 651 1695 698 pontifi-

79 700 128 734 eis
150 698 341 734 obedientia
355 698 397 733 ad
421 696 673 744 procurandam
692 696 842 733 ecclesiae
861 712 979 744 pacem
1000 699 1196 736 subtrahere
1213 709 1244 733 et
1261 710 1397 739 curare,
1424 709 1462 733 ut
1477 699 1561 735 alius
1583 701 1692 747 legiti-

77 758 156 783 mus
175 748 358 794 eligeretur
376 745 544 794 pontifex.
597 747 693 781 illius
711 759 791 781 vero
807 747 935 784 bullam
954 748 1143 784 Parifiensis
1160 746 1361 783 universitas
1387 759 1420 783 et
1434 748 1603 796 episcopi,
1633 753 1693 795 qui

75 797 224 838 aderant,
234 796 521 844 proscripserunt:
544 795 720 845 Tamquam
733 795 813 842 defi?
824 801 973 847 iniquam
985 825 991 839 ,
996 799 1188 845 seditiosam
1200 823 1208 838 ,
1218 807 1252 833 et
1261 798 1402 843 dolosam
1412 810 1534 834 necnon
1541 802 1692 845 fraudu-

81 848 205 891 lentam
217 860 252 881 ac
267 846 643 894 perturbativampacis
660 854 693 880 et
711 845 898 892 offenfivam
916 852 1040 897 regiae
1055 848 1242 894 majestatis.
1263 849 1507 893 petieruntque
1531 861 1602 884 eam
1627 850 1693 885 hoc

79 898 222 932 nomine
243 895 412 943 proscribi
424 906 455 930 et
465 896 612 930 lacerari.
675 895 781 939 Quod
805 907 836 930 et
853 895 982 932 facium
1002 897 1046 932 est
1057 897 1194 945 ejusque
1204 895 1370 933 delatores
1381 899 1695 946 carpentisimpofi-

80 949 106 982 ti
116 959 153 982 ac
162 958 223 993 per
239 945 428 981 ludibrium
440 945 526 980 veste
543 946 714 990 variegata
725 957 758 979 et
782 947 886 982 Tiara
904 959 1090 995 popyracea
1109 947 1221 982 induti
1239 959 1301 992 per
1318 947 1438 983 urbem
1458 948 1691 993 ignominiose

79 994 173 1031 duffi
192 995 278 1030 sunt.
332 997 372 1029 Et
388 994 472 1029 nihil
493 993 643 1028 obstante
660 993 825 1030 sententia
842 996 1016 1041 pontificis
1034 997 1084 1030 lex
1101 996 1316 1042 promulgata
1333 995 1394 1039 est,
1425 1010 1468 1032 ne
1494 997 1648 1034 alterutri
1671 1011 1690 1034 e

77 1042 357 1081 contendentibus
376 1043 416 1077 de
435 1042 632 1088 episcopatu
650 1045 806 1078 Romano
827 1045 1020 1080 obedientia
1038 1045 1273 1090 praestaretur.
1556 1084 1559 1085 ⁷

229 1092 445 1127 Ludovicum
470 1091 570 1137 hujus
588 1092 734 1125 nominis
751 1091 992 1128 duodecimum
1013 1092 1224 1128 mitiffimum
1243 1104 1342 1138 atque
1360 1094 1532 1138 optimum
1558 1097 1688 1142 princi-

79 1155 160 1190 pem
180 1142 292 1190 Julius
311 1143 354 1177 ΙΙ.
406 1139 562 1187 pontifex
582 1140 663 1175 diris
682 1141 849 1176 devovere
870 1154 901 1177 et
918 1143 1130 1177 anathemate
1150 1140 1362 1188 obstringere
1381 1154 1521 1178 conatus
1548 1144 1607 1186 est,
1632 1146 1688 1182 sed

78 1193 188 1228 clerus
209 1190 404 1226 Gallicanus
423 1191 458 1224 in
475 1191 606 1224 civitate
621 1190 878 1225 Turonenlium
896 1203 1119 1236 congregatus
1137 1203 1228 1226 anno
1249 1204 1352 1235 1510.
1379 1190 1523 1234 obstitit,
1559 1193 1688 1230 statuit-

79 1253 148 1287 que
165 1252 201 1275 ac
219 1239 365 1274 decrevit
383 1249 498 1282 regem
517 1249 587 1271 non
609 1238 718 1270 teneri
743 1237 846 1272 ullam
874 1240 997 1273 habere
1019 1241 1186 1274 rationem
1211 1242 1603 1278 excommunicationum
1630 1256 1688 1279 aut

78 1288 297 1326 censurarum
314 1299 333 1321 a
348 1285 442 1333 Julio
462 1287 504 1319 II.
525 1285 559 1319 in
576 1296 692 1330 regem
710 1295 769 1320 aut
784 1286 821 1320 in
845 1299 990 1332 regnum
1005 1287 1151 1322 latarum
1170 1297 1228 1322 aut
1252 1287 1490 1330 ferendarum,
1525 1303 1565 1326 eo
1593 1295 1689 1336 qnod

77 1339 151 1388 jure
166 1335 244 1386 ipso
260 1336 378 1372 forent
394 1335 518 1370 irritae.
1173 1360 1178 1364 -

16 1422 19 1425 Α
227 1386 384 1430 Denique
404 1396 510 1429 quum
530 1387 640 1423 Sixtus
659 1386 702 1420 V.
715 1409 723 1424 ,
752 1393 782 1418 et
801 1384 994 1428 Gregorius
1011 1387 1103 1421 XIV.
1125 1385 1164 1421 ab
1183 1385 1337 1421 hostibus·
1354 1385 1456 1434 hujus
1477 1388 1575 1433 regni
1601 1389 1690 1426 solli-

40 1446 42 1449 “
81 1439 174 1475 citati
201 1448 232 1472 et
257 1433 394 1481 impulsi
419 1433 528 1469 bullas
555 1435 915 1468 excommunicationis
944 1446 975 1469 et
1009 1433 1183 1471 interdisti
1211 1434 1425 1471 intentasse—nt
1452 1437 1488 1471 in
1516 1450 1590 1479 eos,
1629 1441 1690 1486 qui

80 1488 272 1524 Henricum
297 1488 470 1520 Navarrae
490 1494 607 1527 regem
627 1483 821 1527 legitimum
838 1484 935 1528 regni
951 1486 1103 1520 Francici
1122 1485 1303 1521 haeredem
1328 1498 1394 1531 pro
1423 1498 1504 1533 rege
1527 1489 1689 1534 agnosce-

72 1546 174 1575 ‘·rent‚
209 1535 353 1570 istorum
377 1530 579 1578 pontificum
613 1541 773 1565 conatum
791 1541 860 1566 tota
886 1533 1063 1569 exhorruit
1084 1534 1210 1570 Gallia.
1266 1536 1444 1581 ‘Inprimis
1469 1549 1551 1572 vero
1581 1538 1689 1575 clerus

81 1586 276 1623 Gallicanus
297 1583 437 1621 Carnuti
453 1590 677 1625 congregatus
698 1591 787 1614 anno
810 1591 935 1623 159r.‚
964 1582 1006 1617 de
1023 1583 1123 1619 bullis
1146 1584 1320 1630 pontificis
1343 1585 1389 1620 ita
1413 1584 1551 1622 censuit.
1609 1590 1689 1624 Mo-

80 1639 246 1671 miriones,
273 1631 636 1667 excommunicationes,
656 1629 879 1675 suspensiones
897 1632 966 1664 illis
979 1633 1166 1668 intentatas
1184 1635 1244 1685 effe
1255 1637 1397 1681 prorsus
1414 1638 1538 1671 irritas
1559 1645 1626 1672 tam
1639 1640 1690 1683 se-

84 1683 225 1719 cundnm
247 1683 424 1716 materiam
441 1691 536 1728 quam
547 1677 728 1723 secundum
740 1680 890 1724 formam
901 1703 908 1716 ,
936 1692 973 1714 ac
985 1691 1168 1726 praeterea
1185 1684 1323 1730 injustas
1339 1696 1465 1719 necnon
1481 1685 1617 1731 hostium
1628 1689 1690 1721 ltu-

76 1737 137 1781 jus
167 1733 271 1780 regni
299 1728 432 1764 artibus
452 1727 646 1775 suggestas,
680 1739 764 1774 qnae
790 1729 858 1761 vim
877 1727 997 1763 nabere
1012 1732 1146 1766 minime
1159 1733 1290 1778 peffent
1308 1733 1446 1780 ligandi
1466 1743 1525 1768 aut
1541 1735 1689 1778 adstrin-

80 1781 202 1830 gendi.
255 1779 363 1823 quue
382 1777 414 1812 se
436 1775 624 1822 cognovisse
639 1775 733 1822 ajunt
750 1775 912 1810 antistites
926 1778 1127 1815 anHoritate
1138 1782 1258 1825 sacrae
1272 1782 1478 1827 scripturae,
1498 1783 1690 1827 sanft'orum

83 1828 297 1867 concisior-um
315 1827 467 1866 decretis,
495 1824 781 1866 constitutionibus
803 1828 984 1867 canonicis,
1013 1829 1203 1872 sanft'orum
1217 1839 1357 1876 patrum
1379 1833 1546 1878 exemplis,
1575 1836 1692 1880 quibus

84 1881 274 1927 antiquitas
290 1877 332 1924 est
349 1878 483 1923 referta
496 1876 701 1923 privilegiis
719 1884 753 1910 et
777 1874 993 1911 libertatibus
1021 1878 1162 1916 ecclesiae
1188 1879 1402 1921 Gallicanae,
1438 1881 1554 1928 quibus
1578 1885 1692 1918 innixi

83 1927 343 1978 praedeceſjbres
357 1926 558 1971 suilemper
575 1924 762 1971 hujusmodi
784 1924 952 1960 conatibus
967 1925 1172 1969 obstiterant.
1226 1928 1319 1964 Idem
1340 1928 1469 1965 censuit
1491 1932 1690 1967 universitas

85 1976 291 2016 Parifienfis‚
328 1986 412 2019 quae
437 1986 492 2009 22.
518 1974 649 2019 Aprilis
674 1986 764 2009 anno
793 1986 894 2018 1594.
926 1987 1010 2010 vana
1038 1975 1094 2010 illa
1118 1976 1263 2012 fulmina
1279 1990 1346 2012 non
1364 1977 1519 2015 met‘uens
1543 1981 1690 2018 decrevit

87 2028 279 2064 Henricum
298 2027 357 2060 IV.
375 2023 569 2069 legitimum
590 2022 652 2058 else
667 2023 847 2058 Gallorum
868 2036 984 2070 regem
1002 2025 1100 2070 eique
1118 2028 1309 2072 parendum
1327 2027 1397 2064 effe.
1457 2030 1573 2078 Hujus
1600 2029 1689 2077 judi-

87 2079 179 2113 cium
197 2073 416 2111 confirmavit
431 2070 571 2108 facultas
590 2072 781 2119 theologIae
797 2072 996 2115 Parifienfis,
1023 2087 1110 2119 quae
1140 2089 1228 2112 anno
1250 2089 1351 2121 1595.
1377 2081 1430 2113 16.
1452 2091 1483 2114 et
1502 2093 1556 2114 21.
1575 2080 1627 2116 die
1637 2083 1689 2129 Ja⁴

78 2127 199 2166 ,nuarii
216 2127 251 2160 in
269 2124 342 2160 aula
361 2120 622 2158 reverendiffimi
638 2122 880 2169 archiepiscopi
898 2123 1084 2158 Parifienfis
1102 2123 1199 2161 fimul
1217 2139 1293 2162 cum
1312 2126 1407 2162 urbis
1424 2128 1612 2164 Parifienfis
1631 2143 1688 2176 pa-

89 2174 236 2212 storibus
252 2184 473 2218 congregata,
500 2183 576 2206 ante
594 2184 695 2220 quam
711 2183 885 2208 revocatae
909 2171 1022 2209 forent
1044 2174 1239 2220 pontificiae
1267 2176 1395 2217 bullae,
1431 2177 1612 2214 declaravit
1634 2180 1687 2215 his

90 2236 161 2260 non
177 2222 384 2259 obstantibus
398 2221 501 2257 teneri
518 2223 667 2257 Francos
685 2234 803 2257 omnes
820 2222 956 2258 obedire
975 2223 1064 2269 regi,
1088 2236 1125 2259 ac
1143 2237 1209 2271 pro
1230 2239 1270 2261 eo
1284 2227 1318 2260 in
1337 2226 1480 2272 publico
1491 2226 1603 2263 officio
1613 2241 1688 2274 pre-

89 2284 144 2310 ces
161 2270 320 2309 fundere:
347 2271 573 2309 nihilominus
589 2284 704 2320 regem
720 2270 920 2321 suppliciter
933 2271 1303 2359 gdmoneripetierunt,
1329 2286 1368 2313 ut
1390 2276 1517 2324 legatos
1541 2279 1687 2315 Romam

879 2324 907 2358 F
976 2335 994 2357 2
1558 2327 1637 2365 mit.
