2022 2733
320 205 828 244 DISSERTATIONES
856 204 1486 244 HISTORICAE.D1sstu.vn.
1590 214 1660 256 3⁶5

96 298 217 340 „v‘etur
233 296 268 332 iri
287 297 504 344 principem,
531 305 563 330 et
578 294 735 341 principe
755 294 928 333 deviante,
980 293 1089 341 potest
1107 294 1262 332 summus
1286 295 1444 333 sacerdos
1464 297 1653 344 temporale
1671 297 1712 333 il-

94 346 174 389 „lud
191 347 422 382 administrare
440 346 640 393 negotium,
668 343 777 379 sedin
802 345 1083 391 praesumptione
1112 346 1335 391 delinquunt,
1389 348 1468 392 quia
1491 358 1522 382 et
1548 347 1710 392 conjuges

92 396 222 439 „habet
239 395 391 432 sacerdos
405 395 596 436 instituere,
625 405 662 429 ut
683 393 747 429 sint
764 407 826 440 per
842 394 1090 430 solemnitatem
1110 395 1329 434 sacramenti,
1355 408 1385 431 et
1402 397 1562 444 judicare,
1580 395 1603 431 fi
1622 395 1707 432 boni

91 458 188 488 „non
206 445 352 483 fuerint:
381 458 450 481 non
469 457 577 481 tamen
589 443 822 479 administrare
839 444 1019 492 conjugale
1038 447 1224 490 negotium,
1242 444 1265 479 fi
1283 445 1501 491 delinquant,
1530 457 1592 480 nec
1610 457 1708 492 pote-

94 494 179 537 .‚stas
197 497 386 544 conjugalis
406 494 589 531 secundum
606 495 821 528 autoritatem
843 495 959 540 capitis
976 506 994 528 a
1011 493 1182 530 sacerdote
1200 495 1390 540 dependet,
1416 495 1470 530 sed
1497 508 1514 529 a
1532 499 1605 530 Deo
1616 521 1708 530 .....

91 546 275 587 „Similiter
291 558 353 581 nec
372 557 502 581 terrena
521 545 574 578 seu
593 543 683 588 regia
701 541 864 587 potestas,
894 555 979 586 quae
1003 543 1062 576 sub
1081 543 1208 577 annulo
1223 543 1546 589 fideidispensatur,
1570 544 1611 578 ad
1631 555 1710 589 reg-

93 607 200 636 „num
219 597 255 630 in
277 607 483 640 quemquam
500 593 679 626 autor-itate
701 591 876 624 reducitur
894 590 999 636 supra
1015 603 1129 635 regem
1149 593 1231 626 citra
1252 591 1437 626 Christum.
1492 595 1573 635 Quo
1599 605 1711 627 exem·

90 644 152 691 plo
172 646 303 691 optime
317 644 460 678 illustrat
476 641 531 675 ille
552 637 820 680 dffimffiomm,
846 652 951 684 quarn
969 640 1068 674 initio
1088 640 1309 675 adhibuimus
1332 643 1420 676 'mter
1438 641 1651 686 potestatem,
1677 653 1712 676 et

90 705 185 734 eum,
214 694 272 739 qui
288 690 452 739 potestate
469 691 593 729 utitur,
624 689 790 733 docetque
818 699 974 724 terrenos
999 701 1095 735 reges
1124 688 1227 724 subdi
1251 691 1410 734 equidem
1431 689 1585 736 potestati
1610 690 1710 725 eccle-

89 741 173 780 fia'e,
222 742 299 777 lieet
319 742 455 777 illorum
475 738 621 787 potestas
638 750 720 774 tunc
739 751 807 772 non
823 737 1001 778 subdatur,
1056 751 1115 774 nec
1135 752 1152 774 a
1171 739 1399 774 sacerdotibus
1426 741 1570 775 exerceri
1596 739 1708 785 poffit.

87 790 220 876 {offena
233 804 269 878 ἒὶῑ
285 791 370 828 alios
387 791 505 838 plures
522 788 681 837 proferre
701 787 880 836 theologos
891 812 902 827 ,
929 800 1018 834 quos
1035 787 1211 826 brevitatis
1227 788 1322 826 causa
1346 789 1402 826 hic
1418 791 1562 829 omitto,
1589 790 1631 826 de
1655 788 1710 825 his

106 848 181 877 ‘orte
197 841 232 877 di
268 853 350 878 urus
377 841 469 879 alias.

645 1041 1017 1097 CAPUT
1090 1041 1155 1092 Π.

90 1146 143 1216 iii
163 1183 239 1228 quo
256 1170 556 1229 demonstratur,
589 1172 731 1217 civilem
750 1169 970 1230 potestatem
995 1168 1040 1212 de
1057 1166 1099 1225 se
1121 1175 1158 1212 et
1181 1183 1231 1212 ex
1258 1176 1402 1215 natura
1426 1167 1501 1227 sua
1534 1167 1706 1226 indepen-

621 1243 765 1285 dentem
788 1239 866 1298 >effe
895 1255 921 1282 a
946 1238 1161 1296 spirituali.

88 1356 322 1453 Hassenus
341 1364 562 1411 ostendimus,
581 1367 747 1405 societatis
765 1363 994 1402 ecclesiasticae
1011 1364 1132 1407 finem,
1158 1364 1357 1415 objeRum,
1383 1367 1593 1408 mercedem,
1619 1380 1707 1415 poe-

122 1425 126 1428 *
207 1431 303 1460 nam,
337 1418 552 1465 potestatem,
587 1417 929 1464 spiritualiatantum
948 1414 1027 1450 esse:
1063 1415 1155 1450 unde
1173 1415 1355 1452 necessario
1375 1416 1615 1463 consequitur,
1649 1430 1703 1453 ec-

89 1470 220 1506 eiefiam
239 1469 407 1505 neminem
426 1467 518 1514 posse
534 1468 633 1502 bonis
656 1465 903 1512 temporalibus
923 1463 1088 1511 spoliare,
1142 1466 1252 1500 multo
1279 1467 1396 1502 minus
1421 1479 1520 1513 reges
1546 1480 1563 1502 e
1589 1468 1705 1513 regnis

90 1519 162 1556 fuis>
180 1519 379 1560 deturbare3
423 1529 514 1552 nunc
532 1515 695 1552 ostensuri
717 1516 852 1555 sumus,
904 1513 1105 1560 potestatem
1124 1516 1252 1560 regiam
1278 1529 1296 1550 a
1319 1514 1489 1562 spirituali
1513 1528 1630 1551 natura
1647 1515 1706 1553 sua

89 1571 232 1606 minime
249 1567 418 1616 pendere,
444 1578 529 1614 quae
544 1578 595 1603 res
605 1564 878 1614 propositionem
894 1563 1063 1607 nostram,
1090 1563 1148 1601 sed
1158 1564 1404 1608 diversimode,
1432 1565 1650 1603 demonstrat.

841 1728 870 1771 ς.
923 1728 956 1764 Ῑ.’

94 1830 137 1870 In
153 1843 220 1881 quo
229 1817 422 1880 probatur,
442 1830 642 1881 potestatem
657 1825 992 1930 regiaissirgmzedizc‘zitc
1014 1823 1072 1875 effe
1093 1838 1117 1864 a
1141 1824 1222 1865 Deo
1243 1831 1276 1866 et
1300 1825 1346 1866 ab
1367 1826 1458 1866 iltius
1475 1825 1587 1876 solius
1603 1834 1705 1877 pote·

799 1891 819 1915 a
839 1890 854 1914 e
877 1890 932 1926 pet
967 1888 1029 1913 ere.
1671 1887 1690 1903 Δς

95 1986 243 2085 Cum
261 1999 420 2035 homines
441 2004 559 2035 omnes
574 2013 592 2035 a
609 2010 730 2036 natura
745 1998 808 2035 sint
821 1997 866 2033 'ad
884 1996 1079 2033 societatem
1096 1996 1265 2039 destinati,
1293 2009 1380 2043 quae
1395 1995 1465 2032 fine
1485 1996 1651 2046 potestate
1676 2009 1709 2034 et

208 2049 392 2086 autoritate
408 2049 492 2085 stare
510 2051 644 2094 nequit,
672 2048 798 2085 neceffe
815 2048 904 2085 fuit,
926 2058 963 2083 ut
981 2050 1094 2086 Deus,
1120 2050 1179 2093 qui
1203 2060 1317 2083 rerum
1347 2049 1503 2082 omnium
1525 2045 1570 2082 est
1597 2048 1708 2083 domi-

96 2113 179 2142 nae,
207 2099 356 2136 soci-etati
375 2101 411 2133 in
431 2100 614 2134 hominum
633 2100 723 2135 bona
741 2111 773 2135 et
791 2110 938 2143 corpora
962 2096 1157 2143 potestatem
1182 2095 1409 2132 commiserit:
1460 2109 1538 2132 nam
1564 2096 1587 2130 si
1613 2100 1708 2132 Deus

96 2150 180 2185 nulli
197 2147 396 2197 potestatem
416 2149 502 2183 hanc
517 2148 721 2190 contulisset,
748 2149 905 2184 homines
925 2148 960 2181 in
976 2159 1056 2193 pace
1075 2159 1112 2182 ac
1131 2147 1376 2192 tranquillitate
1394 2146 1518 2192 degere
1539 2144 1629 2180 foret
1644 2149 1706 2181 im—

104 2198 277 2245 poffibile,
304 2200 436 2244 quippe
454 2198 477 2233 fi
497 2199 588 2234 nulla
606 2198 679 2233 esset
696 2200 729 2233 in
751 2200 848 2234 terris
869 2196 1122 2231 condendarum
1141 2196 1255 2242 legum
1270 2197 1456 2236 autoritas,
1494 2194 1517 2229 fi
1536 2194 1626 2229 nulla
1640 2207 1706 2242 po.

96 2247 213 2288 testas,
240 2261 306 2295 qua
322 2246 456 2296 possent
471 2248 631 2285 homines
649 2248 692 2284 ad
706 2248 843 2285 illarum
861 2245 1129 2282 observationem
1147 2246 1241 2292 cogi,
1268 2244 1292 2281 fi
1309 2244 1578 2292 impuneliceret
1589 2245 1706 2328 lpruni-

897 2298 924 2331 Z
950 2309 968 2330 z
1000 2307 1016 2340 3
1530 2313 1535 2316 -
1615 2305 1654 2328 us
