1982 2739
323 227 403 279 14‘ff
526 232 598 268 DE
624 227 900 273 ANTIQUA
951 225 1247 263 ECCLESIAE
1295 227 1631 263 DISCIPLINA

271 326 364 362 niam
383 321 468 358 illud
484 319 707 368 privilegium
729 317 826 353 nullo
845 328 974 353 canone
989 314 1050 363 ipsi
1067 315 1239 352 indultum
1260 314 1320 355 est,
1351 326 1431 351 cum
1447 316 1571 353 constet
1591 318 1714 354 citatos
1742 329 1760 354 a
1776 317 1882 354 Zozi-
1900 356 1902 360 ,

273 388 332 411 mo
350 384 515 412 canones,
541 382 613 405 non
630 368 694 404 effe
712 369 858 404 Nicaeni
881 366 1036 404 concilii,
1070 379 1108 402 ut
1126 365 1330 401 ferebamur.

423 423 635 468 Septimum,
663 428 785 465 rogant
803 416 1001 464 pontificem
1022 424 1064 450 ne‘
1081 415 1257 452 fumosum
1277 414 1399 450 saeculi
1423 415 1571 463 typhum
1589 417 1624 451 in
1651 417 1817 452 ecclefiam
1837 418 1887 452 in-

272 475 391 511 ducat,
428 484 471 506 ne
495 481 688 505 executores
715 468 853 503 clericos
880 469 1008 506 mittat,
1062 479 1104 501 ne
1121 464 1316 502 Faustinum
1343 466 1492 510 legatum
1511 466 1547 500 in
1565 464 1681 501 Africa
1698 467 1887 512 relinquat,

273 523 509 559 denuntiantes
526 519 558 554 se
575 518 636 554 ista
656 520 796 553 minime
813 517 1031 552 toleraturos.
1086 519 1161 551 Hac
1179 515 1394 561 responsione
1411 527 1564 561 accepta,
1601 516 1811 552 Coelestinus
1838 517 1887 552 vi·

273 575 356 609 dens
375 571 491 609 Afros
513 568 693 616 episcopos
718 567 769 614 jus
790 566 890 602 suum
916 578 983 602 tam
1007 566 1195 601 constanter
1211 567 1318 604 tueri,
1370 577 1387 598 a
1413 565 1593 611 proposito
1621 565 1804 601 deterritus
1830 565 1886 601 est.

271 627 349 660 Nec
366 623 459 656 enim
475 620 622 665 amplius
643 616 687 652 est
702 629 841 652 conatus
859 618 1043 663 Apiarium
1067 613 1258 652 restituere,
1311 625 1370 648 nec
1395 614 1524 660 legatos
1550 616 1586 650 in
1605 613 1756 652 Africam
1780 614 1897 658 misit‚·

273 686 334 707 nec
354 670 599 718 adpellationes
617 665 861 714 episcoporum
880 666 1039 711 suscepit,
1068 677 1126 700 nec
1144 665 1282 700 clericos
1301 662 1411 700 Afros
1425 664 1466 698 ad
1491 664 1523 700 se
1547 663 1807 712 confugientes,
1835 678 1889 700 re-

273 722 368 758 stitui
385 720 533 757 curavit,
562 730 622 753 nec
638 729 750 752 tamen
768 728 953 762 propterea
970 716 1010 750 ab
1026 716 1167 751 illorum
1184 715 1425 750 communione
1444 713 1604 755 disceffit,
1640 714 1694 750 sed
1723 714 1753 750 se
1779 714 1820 750 ab
1846 715 1888 750 iis

272 771 405 806 vistum
431 768 493 804 effe
507 767 599 803 haud
621 779 722 813 aegre
748 765 861 813 passus
884 765 940 801 est.
992 767 1167 800 Somniant
1190 766 1291 802 enim,
1319 765 1379 808 qui
1407 763 1524 800 dicunt
1546 765 1686 810 aliquod
1703 777 1889 813 propterea

273 821 415 857 schisma
433 821 520 854 mter
536 815 731 853 Africanam
752 828 783 850 et
792 818 984 850 Romanam
1002 813 1170 850 eccleliam
1197 825 1352 849 exortum
1375 812 1488 849 fuiffe.

422 872 473 905 Ex
489 868 554 906 his,
574 879 659 912 quae
678 866 745 900 huc
761 864 869 910 usque
888 864 1033 899 diximus
1050 863 1237 898 luculenter
1259 861 1402 901 constat,
1431 863 1472 898 de
1495 863 1782 910 adpellationibus
1806 863 1891 910 epis·

270 932 440 968 coporum
459 915 690 963 quaestionem
708 913 806 950 fuisse
823 917 909 949 inter
929 911 1052 954 Afros,
1087 925 1223 948 necnon
1245 914 1334 950 inter
1357 914 1541 948 Zozimum
1554 939 1563 952 ,
1615 911 1829 949 Bonifacium
1857 925 1892 950 et

271 968 524 1011 Coelestinum3
551 978 630 1000 nam
647 966 802 1010 quamvis
830 964 911 998 hui'c
935 962 1124 1007 quaestioni
1151 961 1359 997 occasionem
1383 962 1512 997 dederit
1535 964 1670 1008 Apiarii
1691 962 1889 1010 presbyteri

270 1031 406 1054 tantum
422 1015 645 1060 confugium,
674 1012 731 1048 seu
747 1012 949 1058 adpellatio,
977 1023 1124 1045 attamen
1148 1012 1291 1057 proprie
1308 1009 1518 1055 disputatum
1536 1021 1670 1046 tantum
1699 1011 1744 1046 est
1770 1011 1811 1046 de
1836 1012 1894 1047 ad-

270 1063 769 1115 pellationibus,episcoporum
783 1075 788 1093 :
801 1074 877 1096 nam
891 1060 1055 1107 septimus
1065 1059 1383 1095 canon-Sardicenfis
1402 1059 1446 1094 de
1463 1057 1893 1107 episcopistantumloqui—

272 1132 343 1154 ture
394 1119 619 1162 Quapropter
635 1112 659 1147 fi
675 1112 719 1147 de
732 1112 936 1147 clericorum
953 1109 1237 1157 adpellationibus
1256 1109 1299 1144 lis.
1315 1120 1445 1145 tant-um
1464 1108 1593 1152 fuisset,
1622 1108 1784 1146 incassum
1799 1110 1893 1147 Afri-

272 1169 347 1204 c'ani
363 1177 457 1202 tanto
477 1163 595 1199 labore
609 1174 771 1198 canonem
787 1160 887 1196 istum
915 1158 1203 1206 conqnifiviffene
1252 1159 1385 1195 Deinde
1409 1159 1579 1195 Zozimus
1604 1173 1675 1195 non.
1699 1160 1894 1197 vindicabat

270 1212 335 1252 fibi
351 1214 591 1261 adpellationes
608 1211 910 1258 presbyterorum,
938 1222 1000 1244 nec
1017 1210 1058 1244 ad
1077 1209 1114 1243 id
1129 1209 1351 1254 probandum-
1368 1221 1533 1243 canonem
1545 1209 1773 1245 Sardicensem
1792 1209 1893 1256 septi-

271 1268 369 1302 r‘num
387 1261 580 1308 adlegabat,
609 1260 661 1294 sed
680 1270 811 1293 tantum
828 1258 1054 1292 contendebat
1069 1256 1217 1302 potuisse
1228 1257 1403 1301 Apiarium
1422 1257 1462 1290 ad
1484 1256 1516 1290 se
1532 1256 1736 1304 confugere,
1765 1268 1798 1293 et
1816 1271 1892 1294 cau-

274 1315 343 1350 sam
362 1312 454 1349 suam
472 1309 565 1357 apud
585 1307 615 1343 se
632 1319 729 1353 agere
738 1333 751 1348 ‚,
776 1308 857 1351 quia
872 1317 1000 1340 canone
1021 1306 1126 1340 altero
1145 1304 1331 1340 Sardicenli
1344 1305 1543 1350 permissum
1560 1318 1634 1342 erat
1646 1307 1778 1342 clericis
1794 1320 1894 1344 vexa·

276 1367 319 1400 tis
336 1364 376 1399 ab
395 1361 556 1408 epilcopo
574 1357 617 1393 ad'
635 1357 805 1393 finitimos.
820 1354 953 1391 causam
967 1368 1074 1401 agere.
1128 1357 1204 1389 Imo
1234 1355 1299 1389 hoc
1324 1367 1429 1389 unum
1457 1357 1607 1390 continet
1631 1357 1830 1402 capitulum·
1847 1358 1893 1393 {23⁴
1935 1362 1939 1366 “

275 1413 428 1450 cundum
446 1410 488 1444 de
507 1409 647 1444 clericis.
702 1405 876 1451 Agebatur
896 1415 978 1448 ergo
996 1404 1037 1437 de
1055 1403 1340 1448 adpellationibus¹
1358 1403 1600 1451 episcoporum
1627 1407 1668 1441 ad
1694 1404 1892 1444 Romanum

275 1461 494 1510 episcopum,
522 1470 552 1493 et
573 1458 613 1491 de
633 1455 835 1490 clericorum
854 1449 1061 1486 inferiorum
1081 1451 1255 1497 confugiis
1280 1453 1321 1487 a'd
1338 1452 1513 1489 finitimos.
1568 1460 1616 1490 Ac
1643 1456 1795 1501 proinde
1821 1458 1894 1493 ruit

273 1511 386 1561 §rima
405 1507 652 1544 nonnullorum
670 1502 843 1551 responsio
864 1501 910 1536 de·
924 1500 1210 1547 adpellationibus
1235 1500 1441 1536 elericorum
1463 1504 1521 1538 hic
1544 1515 1678 1540 tantum
1703 1507 1777 1552 agi,
1813 1518 1896 1544 cum

274 1572 407 1598 certum
421 1558 459 1594 fit
476 1559 621 1605 proprie
639 1567 708 1590 non
725 1554 781 1600 agi
798 1552 840 1588 de
858 1551 1015 1591 illorum,
1044 1549 1099 1585 sed
1118 1550 1164 1585 de
1177 1548 1422 1596 episcoporum
1439 1552 1739 1598 adpellationibuS.

423 1607 574 1645 Secunda
589 1602 764 1652 responsio
784 1600 830 1638 est
850 1614 982 1639 eorum,
992 1601 1051 1646 qui
1071 1600 1189 1635 dicunt
1205 1599 1246 1634 ab
1265 1600 1435 1635 Africanis
1455 1614 1522 1636 non
1548 1601 1610 1638 effe
1619 1602 1758 1646 reiestns
1776 1605 1896 1651 adpela

275 1663 416 1697 lationes
436 1657 680 1704 episcoporum
699 1653 738 1689 ad
748 1657 940 1690 Romanum
957 1649 1233 1697 pontificem,fe'd
1253 1650 1396 1684 modum
1417 1646 1622 1697 adpell'andi·.
1656 1646 1773 1689 ’Haec
1790 1656 1891 1691 etiem

276 1726 314 1747 ex
332 1708 431 1745 distis
452 1707 549 1744 facile
567 1705 754 1753 disjicitur-3
783 1699 914 1750 constat
929 1702 1020 1736 enim
1038 1713 1095 1735 eos
1123 1711 1259 1735 omnem
1287 1701 1430 1735 omnino
1454 1701 1722 1747 adpellationem
1748 1700 1892 1750 indigni

277 1759 404 1800 tulisse,
431 1770 493 1793 nec
510 1756 621 1792 solum
640 1755 713 1801 pati
737 1750 890 1793 noluisse,
909 1763 947 1787 nt
963 1755 1096 1787 Romae
1109 1749 1272 1798 judicium
1283 1747 1406 1791 ferrer,
1440 1749 1500 1784 sed
1518 1752 1621 1787 etiam
1646 1763 1684 1787 ut
1709 1752 1840 1799 legatos
1856 1755 1894 1789 in

274 1810 428 1847 Africam
446 1809 595 1843 mitteret
613 1805 654 1840 ad
674 1803 905 1852 judicandum.
959 1804 1046 1837 Uno
1059 1799 1169 1835 verbo
1181 1811 1249 1834 non
1268 1798 1358 1833 aliud
1376 1799 1429 1847 jus
1439 1800 1573 1846 petebat
1590 1799 1749 1848 pontifex
1767 1804 1892 1845 Rome-

277 1867 357 1901 nus,
388 1870 490 1904 quam
508 1857 553 1896 id,
572 1855 664 1902 quod
681 1854 742 1889 fibi
760 1864 889 1888 canone
907 1849 1059 1899 septima
1072 1846 1255 1886 Sardicenfi
1273 1849 1446 1884 indultum
1462 1848 1526 1893 est3
1553 1849 1612 1886 sed'
1629 1850 1717 1886 illud
1733 1849 1778 1886 est
1795 1852 1892 1889 valde

275 1912 446 1956 exiguum‘
500 1910 595 1952 Ergo,
614 1903 768 1940 Africani
788 1901 939 1949 episcopi
958 1901 1000 1936 de
1018 1899 1080 1935 isto
1098 1900 1173 1948 jure
1192 1898 1433 1934 contendentes
1462 1911 1547 1935 cum¹
1567 1904 1724 1936 Romano
1749 1899 1894 1948 pontifi.

275 1972 332 1997 ce,
360 1970 462 1993 omne
482 1958 624 1992 omnino
639 1955 692 2002 jus
710 1951 1002 1989 retraaandarum.
1016 1949 1204 1989 causarum»
1217 1959 1301 1993 quae
1317 1948 1356 1982 ad
1378 1947 1554 1996 episcopos
1576 1948 1744 1998 spectant,
1776 1952 1892 1998 ponti-

276 2008 331 2044 fici
350 2009 580 2052 denegarunt‚·-
605 2005 663 2048 qui
682 2004 772 2038 enim
787 2002 834 2042 id,
851 2001 947 2045 quod
962 2002 1082 2036 minus
1095 1998 1143 2035 est
1162 2010 1234 2034 non
1253 1995 1510 2041 concesserunt,
1541 2000 1655 2037 multor
1669 2001 1779 2047 magis
1803 2000 1891 2037 illud

279 2058 376 2106 quod
392 2057 499 2103 majus
527 2053 572 2088 est
593 2050 833 2099 denegassent?

428 2103 600 2141 Adversus
618 2103 732 2138 haeca
751 2101 865 2137 multis
885 2100 1082 2146 opponitur
1094 2096 1236 2145 epistola
1251 2095 1354 2133 ffinffi
1380 2098 1564 2145 Augustini
1590 2098 1633 2135 nd
1660 2094 1891 2141 Coelestinum

281 2161 473 2194 Romanum
488 2151 704 2201 pontificem,
734 2164 818 2196 quae
834 2150 916 2187 olim
939 2155 981 2184 26
993 2163 1019 2186 1.
1037 2161 1123 2185 nunc
1142 2161 1223 2193 209.
1245 2148 1284 2182 in
1301 2159 1336 2197 ce
1353 2146 1488 2203 sanetus
1506 2148 1716 2195 Augustinus
1741 2148 1782 2182 ad
1801 2150 1891 2184 Coe.

278 2207 436 2244 lestinum
455 2217 564 2252 nuper
586 2201 736 2237 evestum
758 2201 871 2236 scribit
889 2201 929 2235 de
947 2199 1094 2245 quodam
1113 2198 1282 2238 Antonio,
1311 2209 1412 2242 quem
1430 2199 1464 2232 in
1486 2197 1617 2246 oppido
1627 2197 1891 2244 territoriiHip-

281 2256 461 2304 ponenlis,
489 2256 543 2290 cui
565 2265 688 2288 nomen
708 2249 855 2292 Fussala,
883 2262 1016 2286 curarat
1033 2248 1281 2289 ordinandum3
1317 2245 1370 2282 sed
1399 2259 1476 2282 cum
1507 2249 1536 2283 is
1559 2245 1672 2294 postea
1690 2248 1890 2294 rapinarum

280 2306 523 2350 dominationis
540 2315 575 2343 ac
595 2301 731 2351 injustae
756 2298 979 2350 oppreffionis
998 2296 1171 2336 co'nvissus
1189 2297 1304 2336 foret,
1330 2309 1400 2334 non
1425 2296 1472 2334 est
1497 2309 1609 2335 temen
1636 2297 1897 2381 omni-‘ffono'rt-

1707 2358 1764 2394 epi
1781 2358 1839 2384 co-
