1982 2739
281 224 349 259 ²08
530 211 599 249 DE
627 206 903 250 ANTIQUA
930 202 1206 240 EcclAESIAE
1231 198 1568 239 DISCIPLINA
1611 217 1614 220 ⁴

226 311 301 359 pite
327 313 366 342 ut
385 307 546 352 fratrem.
601 302 720 342 Itaque
735 293 909 341 affignatae
928 304 997 328 tres
1020 304 1038 327 a
1055 291 1155 327 nobis
1174 291 1528 326 excommunicationis
1548 291 1664 327 causae
1680 289 1712 326 in
1733 290 1835 328 sacris

231 358 353 394 litteris
372 353 591 390 insinuantur,
620 348 676 383 sed
695 358 726 381 et
741 345 925 380 traditione
937 354 968 378 et
986 340 1047 377 usu
1064 339 1215 376 ecclefiae
1233 341 1368 376 abunde
1385 339 1638 383 confirmantur,
1665 354 1743 377 cum
1762 354 1834 376 cer-

230 420 305 445 tum
320 404 359 439 {it
378 404 542 439 decretam
561 398 623 435 este
642 394 826 432 canonibus
844 393 1225 429 excommunicationem
1253 402 1283 426 et
1303 389 1398 435 saepe
1415 388 1548 437 saepius
1567 392 1681 427 latam.
1717 392 1834 427 Primo

230 460 266 494 in
285 447 471 490 haereticos
492 447 682 485 dostrinam
699 444 823 480 Christi
840 443 1040 489 abnegantes
1057 441 1109 475 vel
1126 452 1247 476 novam
1274 439 1482 476 inducentes,
1534 440 1689 476 Secundo
1715 441 1751 475 in
1778 442 1837 477 ho.

231 508 341 543 mines
360 502 516 549 gravium
534 498 718 534 criminum
737 492 924 529 conviaos.
978 492 1100 527 Tertio
1123 491 1156 524 in
1184 492 1338 536 privatos
1365 491 1424 533 qui
1451 487 1664 536 disciplinam
1690 490 1838 525 ecclesiae

232 556 310 592 suae
329 553 575 597 infringerent,
603 546 655 582 vel
673 547 707 580 in
727 556 778 579 eas
799 542 956 584 eeclesias,
978 553 1065 586 quae
1083 540 1273 586 generalem
1300 538 1446 574 ecclesiae
1465 537 1677 586 disciplinam
1693 551 1710 573 a
1727 540 1840 574 conci·
1867 582 1871 585 ἢ

231 606 290 642 liis
306 598 554 638 universalibus
573 595 725 631 statutam
752 592 930 628 observare
949 591 1167 637 pertinaciter
1193 589 1333 624 nollent.
1384 589 1452 622 Vix
1477 601 1514 623 ac
1532 601 1592 625 nec
1617 590 1672 624 vix
1698 589 1838 634 quidem

232 654 306 692 aliis
324 652 365 688 de
381 649 484 687 causis
507 644 889 682 excommunicationem
908 641 1008 675 latam
1028 650 1084 674 aut
1106 639 1272 674 decretam
1299 637 1361 672 effe
1385 637 1484 684 leges.

383 703 563 736 Caeterum
581 705 726 742 propter
744 691 824 727 haec
836 689 1142 726 excommunicatio
1153 689 1317 728 mortalis,
1328 687 1369 722 de
1388 700 1455 732 qua
1471 698 1602 722 tantum
1618 686 1672 721 hic
1692 688 1838 734 agimus,

231 752 319 790 ferri
337 762 404 786 non
423 745 549 795 potest,
577 744 636 780 nisi
655 756 708 779 res
725 742 762 778 fit
784 738 958 776 manifesta
977 751 1008 774 et
1024 737 1170 784 publica.
1249 740 1290 773 Et
1316 748 1404 772 certe
1423 737 1576 782 quamvis
1599 737 1756 771 nonnulli
1776 750 1839 783 pu.

232 813 304 838 tent
321 797 565 847 poenitentiam
583 793 771 841 publicam,
797 803 834 825 ac
851 788 998 836 proinde
1014 787 1250 822 medicinalem
1272 787 1657 821 excommunicationem
1675 784 1838 822 inflistam

235 850 300 886 effe
318 863 384 897 pro
404 847 550 895 peccatis
569 843 726 882 occultis,
768 851 870 873 nemo
895 835 1056 872 haetenus
1078 834 1277 870 existimavit
1295 847 1353 870 aut
1379 836 1489 870 dicere
1505 833 1603 869 ausus
1627 834 1673 869 est
1690 836 1838 880 aliquem

233 902 275 935 ab
297 897 426 935 ecclesia
445 897 589 930 invitum
610 888 897 926 excommunicari
917 896 972 920 aut
991 884 1071 931 pelli
1088 883 1242 929 potuisse,
1261 883 1322 918 nisi
1340 881 1555 918 manifestum
1578 881 1669 918 foret
1685 885 1754 932 ejus
1774 886 1840 919 cri-

232 962 324 986 men.
377 950 492 982 Nemo
507 943 636 987 quippe
651 936 763 985 potest
781 948 839 971 aut
857 934 954 970 debet
972 933 1317 968 excommunicatione
1339 932 1476 967 mortali
1493 930 1605 978 Ρὶεξὶί,
1624 932 1683 977 qui
1700 946 1770 968 non
1790 931 1841 969 vel

234 999 297 1034 suo
317 997 368 1031 vel
385 996 531 1029 aliorum
549 988 745 1025 testimonio
764 982 938 1020 convietus
965 981 1070 1018 fuerit
1086 994 1117 1017 et
1133 983 1378 1029 poenitentiam
1404 994 1503 1027 agere
1527 981 1749 1020 demetant,
1777 983 1841 1017 hu.

232 1045 382 1095 ⁰jusmodi
403 1052 515 1078 autem
533 1040 714 1074 hominum
741 1035 857 1081 culpas
875 1030 1066 1068 manifestas
1092 1030 1153 1066 effe
1176 1031 1268 1067 haud
1294 1031 1446 1066 dubium.
1499 1029 1633 1066 Deinde
1658 1029 1680 1065 fi
1705 1032 1781 1076 quis
1805 1043 1841 1066 ea

235 1098 275 1131 de
293 1108 329 1131 re
345 1092 524 1131 dubitaret,
548 1088 708 1124 sexcentis
730 1085 843 1120 doceri
863 1081 973 1130 posset
998 1080 1210 1122 testimoniis,
1230 1093 1379 1127 quorum
1398 1080 1563 1116 nonnulla
1579 1080 1634 1115 hic
1650 1080 1840 1127 proferam.

233 1145 399 1190 Origenes
418 1143 451 1175 in
464 1139 530 1187 Jos.
542 1139 635 1173 hom.
648 1149 703 1172 20.
735 1134 811 1174 Ubi,
824 1132 1122 1179 inquit,peccatum
1140 1144 1207 1166 non
1226 1131 1268 1177 est
1287 1130 1433 1172 evidens,
1446 1133 1568 1177 ejicere
1586 1130 1627 1166 de
1645 1132 1771 1176 ecclefia
1789 1142 1842 1166 ne-

232 1198 349 1230 minem
367 1191 545 1238 postumus,
561 1200 602 1223 ne
614 1190 715 1233 forte
728 1183 934 1219 eradicantes
951 1183 1105 1218 zizania,
1116 1181 1321 1215 eradicemus
1339 1189 1371 1215 et
1387 1183 1551 1216 triticum.
1606 1182 1751 1226 Optatus
1761 1183 1798 1215 L.
1810 1191 1842 1224 7.

232 1245 430 1287 Accusatore
444 1239 562 1284 silente
583 1249 649 1271 non
667 1236 763 1268 licuit
781 1231 873 1266 nobis
892 1243 984 1265 reum
1004 1230 1185 1275 abstinere,
1205 1232 1370 1275 scriptum
1389 1229 1431 1274 est
1456 1231 1542 1262 enim
1569 1237 1649 1263 ante
1673 1232 1842 1276 cognitam

235 1294 362 1335 causam
379 1290 540 1323 neminem
561 1285 624 1330 effe
641 1279 877 1317 damnandum.
930 1281 960 1312 S.
978 1275 1120 1321 August.
1141 1277 1197 1310 lib.
1220 1288 1250 1320 3.
1264 1288 1381 1311 contra
1398 1279 1550 1310 Parmen.
1570 1287 1642 1323 cap.
1666 1289 1695 1311 2.
1717 1278 1763 1311 ait
1784 1290 1841 1312 ne-

234 1342 364 1378 minem
386 1334 477 1382 posse
495 1330 716 1367 anathematis
737 1327 897 1363 sententia
915 1325 1073 1371 percelli,
1101 1324 1159 1358 nisi
1177 1326 1363 1371 autsponte
1384 1325 1566 1371 coufcffum
1588 1336 1646 1359 aut
1674 1329 1709 1361 in
1731 1328 1842 1374 aliqua

229 1389 400 1436 saeculari
417 1385 470 1418 vel
487 1381 682 1429 ecclcfiastico
697 1378 830 1425 judicio
849 1377 1052 1411 nominatum
1069 1383 1169 1421 atque
1185 1375 1380 1408 conviHum.
1409 1375 1580 1418 Antiquus
1600 1386 1699 1410 autor
1717 1374 1840 1419 quaest.

233 1442 268 1474 in
288 1445 472 1478 utrumque
489 1431 721 1466 testamentum
741 1425 833 1471 apud
843 1428 929 1469 Aug.
948 1422 1067 1468 quaest.
1092 1434 1170 1456 102.
1223 1423 1360 1463 Adime,
1381 1424 1508 1467 inqu-U,
1536 1424 1578 1470 4,st
1594 1425 1735 1472 aliquid,
1752 1425 1842 1474 quod

236 1483 459 1534 deprehendit
486 1482 719 1517 Novatianus,
749 1488 825 1510 cur,
851 1473 980 1516 inquit,
1009 1483 1124 1514 corpus
1155 1470 1296 1505 Domini
1321 1471 1464 1507 tradunt
1489 1475 1541 1512 iis,
1567 1485 1646 1521 quos
1674 1483 1843 1511 noverum

234 1543 446 1585 pet-catores:
473 1529 559 1578 quast
576 1527 697 1574 poffint
717 1523 778 1570 ipfi
794 1522 1006 1566 adcusatores
1030 1519 1099 1565 effe,
1121 1520 1180 1566 qui
1200 1519 1278 1562 sunt
1290 1519 1434 1565 judices.
1489 1521 1530 1555 Sz'
1553 1531 1662 1556 autem
1691 1523 1842 1568 adcusati

232 1587 373 1633 fuerint
393 1591 425 1615 et
446 1577 668 1623 manifestati,
690 1579 877 1621 potuerunt
895 1568 1008 1617 abjici.
1061 1568 1282 1602 Innocentius
1299 1569 1324 1601 Ι.
1344 1566 1437 1613 epist.
1454 1568 1494 1602 ad
1507 1571 1716 1614 Exuperium
1741 1573 1842 1607 ratio-

235 1646 314 1669 nem
336 1629 493 1667 reddens,
504 1638 563 1662 cur
579 1625 847 1660 communicantes
864 1622 937 1654 viri
952 1630 1022 1653 cum
1034 1617 1202 1653 adulteris
1218 1616 1378 1653 uxoribus
1388 1630 1450 1652 non
1467 1621 1680 1661 conveniant,
1692 1631 1760 1654 cum
1771 1634 1843 1657 con-

235 1693 291 1720 tra
310 1691 427 1717 uxores
448 1680 484 1712 in
503 1676 668 1720 consortio
689 1672 914 1707 adulterorum
933 1678 1065 1703 manere
1083 1666 1288 1711 videantur3
1307 1667 1413 1712 super
1433 1668 1509 1707 ltoc,
1536 1667 1666 1713 inquit,
1693 1670 1845 1720 christia-

237 1746 281 1768 na
305 1731 429 1777 religio
447 1726 651 1761 adulterium
673 1724 707 1758 in
724 1729 867 1768 utroque
879 1723 960 1763 sexu
975 1719 1058 1763 pari
1076 1719 1211 1752 ratione
1228 1715 1432 1751 condemnat.
1484 1715 1551 1751 Sed
1575 1720 1669 1758 viros,
1684 1719 1762 1763 suos
1778 1732 1845 1755 mu.

239 1784 341 1818 lieres
356 1790 421 1813 non
439 1776 551 1822 facile
576 1773 617 1808 de
636 1771 806 1806 adulterio
826 1768 994 1811 adcusant,
1020 1775 1053 1801 et
1077 1777 1143 1800 non
1167 1764 1290 1799 habent
1318 1765 1463 1800 latentia
1482 1775 1622 1812 peccata
1645 1767 1843 1806 vindicum.

240 1832 326 1867 Viri
343 1836 451 1862 autem
469 1823 606 1859 liberius
633 1831 748 1855 uxores
767 1817 939 1853 adulteras
957 1814 1049 1854 apud
1057 1813 1241 1858 sacerdotes
1265 1812 1403 1858 deferre
1427 1816 1683 1860 consueverunt,
1712 1825 1745 1851 et
1769 1817 1843 1854 ideo

239 1876 434 1914 mulieribus
451 1872 587 1919 prodito
607 1882 716 1905 eorum
734 1868 871 1902 crimine
891 1866 1069 1899 communio
1085 1863 1288 1912 denegatur.
1328 1863 1476 1898 Uxorum
1493 1872 1601 1899 autem
1618 1865 1746 1900 latente
1762 1879 1844 1903 com.

239 1928 332 1973 miffo
349 1938 413 1960 non
425 1924 533 1969 facile
551 1922 713 1968 quispiam
733 1928 773 1952 ex
784 1912 1030 1961 suspicionibus
1046 1911 1238 1959 abstinetur,
1259 1913 1319 1958 qui
1338 1915 1453 1961 utique
1463 1912 1758 1962 submovebimus?
1775 1918 1845 1962 ejus

235 1978 410 2026 flagitium
426 1972 630 2018 detegatur,
658 1979 728 2003 cum
750 1976 831 2013 ergo
842 1976 911 2010 par
928 1964 1021 2010 causa
1030 1961 1092 2009 stt,
1119 1959 1292 1996 interdum
1306 1960 1502 2008 probatione
1519 1961 1660 2010 ceffante
1674 1965 1847 2003 vindiciae

246 2027 336 2061 ratio
363 2021 572 2067 conquiescit.

394 2069 525 2107 Deinde
542 2077 624 2101 vero
642 2074 711 2097 non
731 2073 847 2097 omnes
865 2060 992 2106 publici
1009 2070 1196 2107 peccatores
1219 2069 1276 2093 aut
1298 2058 1456 2095 haeretici
1485 2060 1592 2097 statim
1614 2062 1846 2097 excommuni,

247 2124 378 2158 tatione
397 2117 533 2154 mortali
550 2111 722 2161 pleEtendi
743 2122 862 2151 erunt3
889 2109 940 2144 sed
956 2111 1051 2155 prius
1071 2107 1298 2153 corripiendi.
1325 2107 1439 2154 postea
1456 2110 1664 2146 admonendi
1684 2109 1723 2144 ab
1743 2110 1844 2145 eccle-

247 2172 290 2208 fia
309 2183 339 2205 et
358 2166 549 2203 medicinali
566 2161 912 2198 excommunicatione
932 2158 1099 2205 plectendi
1117 2169 1153 2190 ac
1173 2169 1244 2191 tum
1264 2156 1402 2192 demum
1419 2161 1554 2204 penitus
1574 2159 1615 2194 ab
1632 2157 1761 2194 ecclesia
1786 2159 1846 2194 eli-

246 2219 417 2257 minandi:
445 2217 536 2264 juxta
554 2212 736 2247 institutam
754 2209 915 2244 aCliristo
933 2207 1227 2255 corripiendorum
1252 2203 1397 2243 fratrum
1417 2210 1594 2248 rationem,
1613 2209 1666 2242 cui
1686 2206 1846 2254 suffraga-

249 2283 303 2306 tur
324 2268 447 2305 Paulus
465 2267 500 2301 in
518 2261 613 2310 epist.
632 2259 674 2294 ad
683 2259 901 2302 Corinthios3
926 2258 1105 2305 postquam
1123 2257 1214 2292 enim
1232 2256 1315 2292 dixit
1333 2267 1405 2305 cap.
1427 2269 1480 2293 η.
1496 2256 1528 2293 se
1547 2257 1697 2294 multum
1717 2258 1845 2299 timere,

1753 2317 1796 2343 ne
