2022 2733
345 158 853 219 mssrarffriottsss
889 175 1449 228 HisToR1cAr.n1ssm.
1478 191 1558 229 vn.
1637 181 1713 239 401²

140 265 288 313 spatium
306 269 527 313 exequutioni
545 269 799 306 mandarentur.
834 274 951 318 Itaque
968 273 1169 310 Ambrosius
1198 289 1309 323 neque
1327 291 1454 325 poenas
1471 283 1682 330 temporales·
1695 285 1762 322 im-

137 319 288 362 peratori
305 318 489 363 irrogavit,
517 330 628 363 neque
646 332 779 366 necatus
794 320 856 363 est,
886 336 996 368 neque
1015 325 1277 370 imperatorem,
1305 327 1328 363 fi
1345 330 1576 368 admonitioni
1594 332 1669 369 suae
1687 347 1759 370 non

134 364 314 413 paruisset,
343 380 450 412 regno
471 369 670 414 privaturus
688 382 773 414 erat3
802 372 873 407 imo
891 385 969 408 cum
987 373 1144 415 audiiset,
1172 389 1250 412 eum
1270 389 1335 423 per
1350 380 1421 415 vim
1441 381 1610 418 ecclesiam
1626 384 1762 430 ingres-

132 417 270 455 surum,
298 417 420 452 eodem
438 416 606 453 referente
623 419 863 456 Theodorito:
882 423 913 470 fi
931 435 1072 472 regnum
1087 425 1195 471 fleflit
1211 429 1247 461 in
1272 430 1506 474 tyrannidem,
1533 442 1677 479 paratus
1687 434 1762 478 sum

132 466 247 501 occidi.
278 469 322 501 Et
338 466 396 502 lib.
423 479 451 511 5.
471 469 535 513 Ep.
557 479 611 512 23.
631 469 672 503 ad
696 469 873 506 Theodos.
902 474 1056 517 Causam,
1084 476 1213 519 inquit,
1250 482 1471 515 contumaciae
1498 484 1534 516 in
1570 491 1605 517 te
1634 484 1761 518 nullam

135 515 256 553 liabeo,
276 515 338 562 sed
359 515 460 552 habeo
479 521 632 555 timoris,
660 518 783 562 afferre
800 532 867 555 non
884 522 989 556 audeo
1013 523 1218 566 sacrificium
1233 549 1242 561 ,
1268 526 1299 571 fi
1319 529 1467 563 volueris
1493 529 1641 576 affislere.
1696 533 1759 565 Ita·

136 569 205 610 que
228 565 292 600 hoc
307 577 415 601 unum
434 577 567 610 poterat
592 565 813 605 Ambrosius,
842 567 864 601 fi
884 581 953 602 non
973 570 1133 614 paruisset
1150 573 1358 616 imperator,
1388 575 1445 611 sed
1466 578 1499 612 vi
1528 580 1562 611 in
1588 578 1759 616 ecclesiam

132 613 324 661 irrupisset,
351 627 369 650 a
388 614 513 649 divinis
531 613 853 652 ceffaresacrificiis.
907 618 960 652 Sic
977 620 1012 652 in
1029 618 1092 653 alia
1108 620 1299 662 occasione,
1329 635 1504 670 rogamus,
1531 627 1666 671 inquit,
1687 629 1758 663 Au-

128 665 230 714 gustav
243 667 448 710 imperator,
474 675 539 699 non
554 676 761 712 pugnamus,
792 664 933 712 refistere
961 679 1025 703 non
1046 668 1233 716 poffmnus,
1253 670 1318 715 sed
1343 673 1500 719 ecclesiam
1525 676 1666 711 tradere
1692 689 1759 713 non

132 713 331 798 debemmssx
346 774 386 797 eo
405 772 518 798 tamen
539 761 697 807 exemplo
718 762 947 800 Bellarminus
969 764 1144 800 ostendere
1162 765 1194 802 se
1218 766 1359 803 voluisse
1380 770 1443 810 ait,
1466 771 1559 818 pqffe
1582 776 1757 822 principes

131 812 350 860 ecclefiasticos
366 824 433 847 non
450 813 553 855 solum
573 814 610 845 in
622 815 704 856 foro
723 815 860 848 interno
878 816 1114 860 conscientiae,
1134 817 1197 860 sed
1217 819 1318 851 etiam
1335 820 1373 852 in
1384 821 1468 864 foro
1494 831 1633 858 externo
1660 827 1757 860 eccle-

126 862 248 909 liastico
269 862 443 908 disponere
462 860 503 896 de
512 860 752 907 temporalibus
768 865 805 897 in
822 863 944 898 ordine
960 864 1005 898 ad
1016 865 1230 910 spiritualia.
1282 868 1398 902 Primo
1410 891 1419 905 ‚
1447 869 1526 913 quia
1542 871 1671 907 causam
1689 886 1756 908 cae.

132 912 184 946 dis
203 911 243 946 ab
264 912 473 957 imperatore
491 911 694 955 imperatae,
724 920 897 956 tamquam
917 915 959 948 ad
981 912 1078 948 suum
1097 913 1244 949 tribunal
1260 916 1673 966 pertinentemjudicavit.
1701 926 1755 959 Se·

111 995 113 997 ,
134 961 265 1002 cundo,
292 961 372 1005 quia
390 959 593 1005 imperatori
611 959 783 995 mandavit
796 986 804 1001 ,
831 972 869 996 ut
887 961 998 1007 legem
1022 963 1061 997 de
1078 963 1234 998 civilibus
1252 963 1367 1001 ferret.

178 1038 195 1047 r
278 1008 503 1056 Respondeo,
532 1008 677 1044 dubium
696 1022 763 1044 non
784 1008 864 1051 effe,
892 1013 976 1057 quin
995 1011 1177 1059 episcopus
1196 1013 1295 1060 possit
1312 1014 1516 1061 cognoscere
1542 1017 1584 1052 de
1609 1019 1753 1057 crimine

126 1059 299 1106 principis
319 1061 353 1094 in
371 1057 452 1094 foro
472 1061 610 1094 interno
627 1058 842 1095 ecclesiastico
863 1072 894 1095 et
912 1061 999 1096 illud
1012 1063 1137 1107 punire
1154 1075 1268 1108 poena
1288 1063 1516 1106 ecclesiastica,
1546 1068 1618 1102 imo
1639 1080 1670 1104 et
1690 1069 1751 1105 sub

128 1122 239 1156 poena
259 1107 471 1144 ecclesiastica
489 1108 628 1155 jubere,
657 1121 694 1143 ut
715 1110 779 1144 hoc
797 1109 850 1144 vel
869 1110 954 1145 illud
985 1111 1157 1152 emendet,
1187 1114 1252 1148 hoc
1280 1113 1333 1148 vel
1355 1114 1416 1149 illo
1441 1117 1548 1151 modo
1579 1116 1621 1150 de
1649 1117 1750 1154 bonis

127 1158 290 1206 disponat.
346 1157 420 1193 Ubi
441 1159 532 1192 enim
551 1158 753 1203 temporalis
772 1171 823 1193 res
841 1171 917 1195 cum
936 1159 1113 1195 manifesto
1130 1173 1188 1196 aut
1206 1159 1298 1198 fasto
1316 1173 1374 1198 aut
1404 1176 1541 1210 peccato
1568 1166 1751 1214 conjuncla

127 1207 192 1250 est,
220 1220 302 1244 tunc
319 1207 376 1242 illa
396 1208 527 1242 ratione
545 1208 674 1253 peccati
698 1207 927 1244 ecclefiasticae
943 1208 988 1244 est
1008 1211 1155 1245 notionis
1167 1236 1175 1251 ,
1204 1224 1274 1247 non
1294 1223 1330 1248 ut
1345 1212 1500 1248 absolute
1524 1214 1563 1250 de
1580 1228 1616 1251 ea
1634 1216 1751 1263 dispo-

128 1270 184 1293 nat
203 1256 353 1298 ecclelia,
380 1256 435 1291 sed
454 1268 490 1291 ut
506 1268 639 1291 moneat
657 1257 742 1291 hanc
760 1268 817 1292 aut
834 1258 927 1293 illam
947 1259 1117 1294 astionem
1142 1261 1207 1295 Dei
1232 1261 1306 1307 lege
1341 1274 1411 1297 non
1437 1262 1554 1304 licere,
1583 1275 1620 1299 ut
1651 1266 1748 1302 verbi

125 1306 222 1343 causa
247 1307 427 1342 decernere
444 1305 579 1345 duello,
614 1304 732 1340 usuras
758 1319 911 1340 exercere
929 1320 937 1343 ε
972 1319 1010 1341 ac
1040 1319 1216 1352 praeterea
1250 1310 1486 1354 delinquentes
1523 1313 1749 1350 ecclesiasticis

123 1357 246 1404 poenis
266 1356 437 1392 coerceat,
463 1366 533 1388 non
552 1354 815 1400 temporalibus:
846 1355 926 1400 quia
944 1355 1005 1390 hae
1025 1355 1148 1391 scilicet
1167 1357 1201 1391 in
1220 1355 1323 1393 solius
1349 1359 1564 1405 magistratus
1584 1362 1749 1407 potestate

124 1406 213 1442 sunt.
265 1408 317 1441 De
337 1402 584 1450 temporalibus
603 1405 711 1449 igitur
728 1406 785 1450 agi
800 1403 910 1451 potest
927 1406 960 1439 in
980 1404 1060 1440 foro
1081 1405 1245 1448 ecclesiae,
1274 1407 1330 1443 sed
1346 1406 1567 1454 spiritualiter
1584 1423 1615 1446 et
1633 1413 1668 1447 in
1689 1425 1747 1448 or-

124 1459 204 1492 dine
222 1455 262 1489 ad
282 1453 488 1501 spiritualia,
518 1463 684 1497 quatenus
709 1453 901 1501 adjunfiiam
928 1454 1052 1489 habent
1077 1455 1263 1492 bonitatem
1298 1457 1350 1492 vel
1375 1459 1536 1495 malitiam
1570 1462 1745 1499 moralem.

122 1508 242 1550 ltaque
262 1505 377 1550 potuit
401 1500 602 1537 Ambrosius
629 1502 865 1538 Theodosium
890 1503 934 1538 ob
960 1504 1096 1540 caedem
1115 1504 1467 1549 Thessalonicensem,
1492 1521 1580 1553 quae
1607 1510 1746 1547 manife-

123 1554 211 1590 stum
235 1565 306 1588 erat
323 1563 507 1598 peccatum,
529 1550 729 1597 objurgare,
756 1551 1026 1596 reprehendere,
1055 1557 1369 1601 excommunicare3
1396 1559 1513 1603 potuit
1524 1561 1624 1594 etiam
1643 1562 1673 1595 ei
1685 1560 1745 1597 sub

125 1616 235 1652 poena
253 1600 612 1637 excommunicationis
630 1612 662 1634 et
680 1601 880 1635 retentionis
897 1613 1117 1646 peccatorum
1139 1605 1318 1643 mandare,
1345 1617 1382 1641 ut
1397 1607 1507 1653 legem
1527 1606 1643 1646 ferret,
1655 1623 1743 1654 quae

125 1654 196 1702 ejus
214 1653 328 1687 furori
345 1651 506 1697 deinceps
524 1649 687 1685 obviaret.
741 1652 826 1684 Non
845 1651 961 1695 potuit
977 1662 1088 1686 autem
1106 1652 1204 1687 aliam
1226 1666 1374 1699 poenam
1400 1657 1436 1690 in
1453 1668 1546 1698 eum,
1571 1657 1595 1692 si
1620 1671 1743 1704 parere

123 1701 300 1740 noluisset,
326 1702 489 1746 irrogare.
541 1699 673 1734 Deinde
699 1712 778 1734 vero
799 1698 999 1734 Ambrosius
1020 1699 1150 1735 causam
1170 1700 1261 1737 illam
1280 1715 1350 1738 non
1364 1706 1435 1751 egit
1451 1706 1486 1740 in
1506 1705 1586 1741 foro
1604 1719 1741 1743 conten-

110 1753 209 1789 ltioso
229 1749 441 1787 ecclesiastico
460 1760 575 1784 coram
591 1748 872 1796 presbyterorum
894 1759 953 1783 aut
971 1748 1210 1795 episcoporum
1229 1752 1393 1794 concilio,
1420 1753 1474 1788 sed
1501 1755 1543 1790 ad
1567 1752 1663 1792 fores
1689 1770 1741 1793 ec-

120 1802 234 1839 clesiae
251 1801 403 1836 oratione
421 1799 539 1846 potius
558 1808 588 1834 et
607 1799 841 1833 exhortatione
859 1810 961 1843 quam
981 1797 1139 1834 sententia
1157 1810 1189 1834 et
1206 1799 1343 1843 iudicio.
1398 1803 1500 1847 Quod
1519 1817 1603 1840 vero
1614 1805 1742 1852 spefiat

120 1853 162 1888 nd
183 1850 378 1887 mandatum
398 1849 440 1884 de
458 1849 534 1893 lege
551 1847 818 1894 promulganda,
847 1846 1048 1894 responderi
1065 1850 1182 1894 primo
1199 1848 1324 1895 posset,
1352 1864 1420 1888 non
1443 1854 1585 1889 omnino
1612 1867 1739 1891 eertum

121 1902 247 1941 videri,
273 1911 391 1934 utrum
410 1899 461 1933 lex
481 1898 540 1933 illa
555 1897 617 1933 hac
633 1897 804 1933 occasione
823 1895 910 1932 fagia
924 1895 1048 1938 fuerit,
1077 1898 1274 1944 quippeilla
1293 1900 1368 1935 data
1384 1900 1525 1947 legitur,
1553 1914 1628 1939 tum
1646 1905 1739 1951 apud

121 1949 378 1990 cassiodorum,
404 1960 477 1983 tum
495 1949 530 1982 in
548 1959 695 1992 utroque
711 1947 842 1987 codice,
872 1947 930 1981 ubi
947 1958 1032 1982 extat
1050 1949 1204 1983 Antonio
1220 1959 1250 1983 et
1270 1949 1404 1995 Siagrio
1422 1950 1509 1987 Cois.
1539 1951 1617 1988 otio
1644 1955 1740 1989 annis

121 2014 196 2037 ante
216 1999 351 2034 caedem
370 1996 700 2033 Thelsalonicensem
724 1997 782 2032 sub
802 1997 966 2032 Gratiano
982 2009 1013 2032 et
1035 1997 1290 2039 Valentiniano,
1317 2011 1531 2046 quapropter
1544 2002 1596 2035 vel
1624 2002 1738 2050 lapsus

122 2051 168 2086 est
185 2048 443 2089 Theudoricus,
472 2047 554 2082 dum
573 2046 674 2088 dixit,
702 2046 793 2081 illam
820 2046 926 2090 legem
956 2046 1057 2094 hujus
1085 2047 1195 2082 caedis
1222 2047 1393 2083 occasione
1417 2048 1518 2084 latam
1541 2047 1658 2090 fnisse,
1684 2053 1737 2087 vel

123 2100 238 2136 saltem
258 2111 295 2133 ea
311 2098 364 2132 lex
380 2098 476 2144 prius
490 2109 513 2131 a
531 2097 698 2133 Gratiano
715 2096 778 2130 lata
795 2108 812 2130 a
830 2094 1030 2131 Theodosso
1048 2107 1178 2131 tantum
1197 2108 1277 2131 tunc
1302 2096 1346 2132 est
1365 2110 1543 2137 renovata,
1570 2113 1607 2135 ut
1630 2113 1666 2136 ut
1688 2102 1735 2140 fit,

123 2148 189 2184 hoc
206 2161 276 2183 non
296 2148 428 2192 arguit,
455 2147 491 2181 in
509 2147 681 2194 episcopis
699 2144 891 2192 supremam
909 2144 1100 2190 potestatem
1119 2145 1160 2181 de
1177 2146 1422 2192 temporalibus
1449 2147 1657 2194 disponendi
1676 2163 1735 2187 aut

123 2197 267 2243 cogendi
284 2209 378 2243 reges
395 2197 512 2242 poenis
532 2195 780 2243 temporalibus
798 2195 838 2229 ad
858 2195 946 2239 leges
967 2195 1132 2240 quaslibet
1148 2194 1325 2234 ferendas,
1352 2207 1390 2231 ut
1407 2197 1484 2232 inde
1502 2199 1631 2234 inkerre
1659 2201 1735 2237 vult

121 2246 366 2287 Benarm'mus,
390 2246 447 2283 sed
466 2256 596 2283 tantum
618 2246 756 2294 probat,
782 2243 948 2291 episcopo
971 2256 1002 2281 et
1027 2243 1226 2293 presbytero
1252 2244 1453 2293 potestatem
1476 2245 1539 2283 effe
1562 2247 1737 2286 indicendi

841 2296 867 2331 E
896 2305 912 2327 e
939 2306 956 2328 e
1580 2298 1682 2334 etiam
