2022 2733
297 193 809 230 DISSERTATIONES
837 192 1180 229 HISTORICAE.
1206 193 1366 229 stsmr.
1407 195 1468 229 VI.
1573 204 1640 240 3¹7

69 298 159 324 mus,
183 295 226 320 ne
248 284 428 334 quidquam
453 296 474 319 a
501 280 594 316 nobis
621 284 828 316 contrarium
847 280 977 327 Janft'is
997 281 1154 328 patribus
1171 285 1206 317 in
1226 285 1404 330 exemplum
1421 292 1455 319 et
1472 284 1689 318 autoritatem

69 338 306 384 relinquatur,-
325 336 411 379 solet
436 335 522 369 enim
533 332 651 377 sanHa
669 339 702 365 et
721 332 895 377 apostolica
907 330 1004 375 sedes
1019 333 1178 380 pleraque
1195 332 1395 379 considerata
1412 337 1545 368 ratione
1564 333 1688 365 tolera-

66 398 124 426 re,
139 385 202 430 sed
225 396 402 431 numquam
430 386 467 418 in
488 383 562 427 Juis
583 380 728 415 decretis
751 390 784 416 et
799 380 1085 427 corzsiittctz‘onrbzcs
1106 395 1126 416 a
1142 383 1316 424 concordia
1337 387 1504 418 canonicae
1521 382 1686 416 traditio-

67 438 122 471 m’s
141 433 323 478 discedere.

21 498 26 504 -
164 483 339 528 Eugenius
357 483 420 517 111.
437 478 532 527 epist.
557 483 588 517 8.
617 479 741 512 Contra
764 479 890 517 Deum,
918 480 1050 523 inquit,
1076 489 1108 515 et
1127 480 1305 524 sacrorum
1322 493 1482 517 canonum
1494 479 1684 526 sanniones

51 534 154 569 >nulli
170 535 300 567 omnino
317 533 484 578 petitioni
498 529 662 574 postumus
677 526 839 572 praebere
856 532 1047 571 consensum,

165 582 388 617 Innocentius
408 582 471 614 111.
497 578 537 611 Si
550 578 648 621 super
663 576 719 609 lzoc
735 574 853 622 absque
867 577 1028 622 generali
1045 575 1291 611 deliberatione
1311 580 1447 612 concilii
1457 578 1606 622 statuere
1623 577 1687 610 ali-

65 630 150 680 quid
175 641 395 667 tentaremus,
418 635 558 674 praeter
574 626 724 657 divinam
741 624 894 668 offensam
912 633 945 658 et
961 624 1159 659 mundanam
1176 628 1355 670 infamiam
1367 628 1490 673 forsan
1508 626 1636 660 ordims
1653 634 1686 658 et

64 682 163 725 officii
181 679 272 716 nobis
287 678 472 725 periculum
489 675 695 712 immineret,
723 685 792 707 cum
818 682 936 708 contra
951 673 1167 720 praemiffam
1183 677 1345 711 veritatis
1358 677 1559 721 sententiam
1576 674 1686 718 nostra

62 741 129 766 non
141 729 236 777 poffit
262 729 430 763 autoritas
449 723 650 770 dzspensare.
885 744 891 748 -

167 780 267 814 idem
294 784 511 821 agnoverunt
535 770 698 807 antistites
722 771 834 816 graeci
855 781 889 806 et
902 770 999 807 latini
1025 773 1061 807 in
1079 771 1212 810 decreto
1231 775 1372 810 unionis
1391 773 1528 810 concilii
1545 771 1688 807 Floren-

66 828 141 868 tini,
160 839 230 872 quo
248 825 403 861 statuitur
422 828 578 860 Romano
592 819 751 867 pontifici
769 821 936 868 pascendi,
966 822 1112 870 regendi
1129 836 1167 857 ac
1182 823 1406 872 gubernandi
1421 824 1613 867 universam
1635 834 1683 856 ec-

63 877 182 923 clefiam
207 890 228 912 a
252 876 397 912 Domino
423 875 508 918 Jesu
529 871 659 916 Clmsto
678 871 872 917 potestatem
896 871 961 917 effe
987 873 1174 910 traditam,
1201 874 1467 921 quemadmodum
1494 876 1582 908 etin
1600 873 1683 905 afiis

62 928 274 962 conciliorum
303 926 578 961 oecumenicorum
608 930 641 956 et
669 924 706 955 in
719 922 827 966 sacris
846 919 1026 956 canonibus
1046 925 1249 959 continetur.
1303 926 1384 958 Hoc
1403 922 1465 960 est,
1483 925 1592 969 juxta
1612 934 1682 956 eum

51 975 203 1012 modum,
228 988 290 1023 quo
314 983 347 1010 et
366 977 402 1008 in
419 973 501 1006 anis
522 971 738 1005 conciliorum
756 972 1036 1005 oecumenicorum
1055 980 1088 1005 et
1107 973 1143 1005 in
1157 973 1266 1015 sacris
1284 972 1461 1007 canonibus
1480 973 1682 1006 continetur,

59 1025 126 1060 καθ’
142 1022 168 1058 ἓν
185 1025 286 1069 τρόπον
296 1024 355 1058 uolt
372 1027 399 1056 ἐν
412 1028 472 1057 τοῖς
486 1025 659 1067 vexatum&
673 1022 728 1053 τῶν
746 1022 939 1063 ὂικουμενικῶν
956 1021 1077 1054 συνόδων
1095 1020 1148 1054 mh
1166 1025 1192 1054 ἐν
1206 1028 1266 1058 τοῖς
1281 1028 1356 1065 ἱεροῖς
1371 1023 1472 1056 κανόσι
1492 1018 1681 1065 διαλαμβά-

62 1088 153 1109 νεται.
208 1076 302 1116 Quae
325 1083 426 1106 voces
449 1068 634 1116 pascendae
660 1079 692 1102 et
720 1068 886 1113 regendae
911 1067 1061 1102 eeclesiae
1080 1068 1255 1104 universae
1281 1072 1451 1105 rationem
1480 1081 1510 1104 et
1527 1068 1677 1103 formam

9 1157 12 1161 ,
62 1121 289 1169 restringunt,
316 1119 562 1162 ostenduntque
587 1114 784 1162 pontificem
808 1117 844 1150 in
872 1117 1022 1162 regenda
1046 1128 1078 1151 et
1103 1117 1268 1163 pascenda
1294 1119 1423 1155 ecclefia
1441 1120 1546 1155 teneri
1566 1119 1680 1153 conci-

61 1173 190 1208 liorum
217 1184 248 1207 et
272 1182 440 1206 canonum
459 1169 674 1203 autoritatem
691 1178 722 1200 et
740 1167 852 1200 decrta
871 1164 978 1210 sequi,
1000 1179 1058 1200 nec
1073 1165 1165 1212 poss‘e
1183 1168 1279 1203 aliter
1297 1169 1464 1206 ecclesiam
1489 1164 1678 1203 universam

52 1234 185 1267 regere
209 1233 266 1257 aut
291 1218 435 1267 pascere.
487 1220 537 1251 Ita
562 1228 644 1250 vero
673 1215 741 1260 legi
764 1226 796 1249 et
820 1215 965 1261 intelligi
983 1215 1106 1250 debere
1125 1217 1295 1253 decretum
1313 1218 1435 1266 synodi
1453 1218 1681 1256 Floreminae,

63 1284 136 1308 non
163 1283 286 1310 antem,
312 1281 348 1303 ut
376 1277 523 1302 recenter
549 1276 566 1298 a
583 1263 785 1307 quibusdam
804 1264 938 1308 legitur,
957 1265 1227 1311 quemadmodum
1244 1270 1347 1301 etiam
1364 1269 1460 1302 docet
1480 1278 1552 1301 tum
1570 1277 1681 1300 textus

63 1332 204 1368 graecus
222 1318 357 1358 decreti,
382 1327 456 1350 tum
472 1317 508 1354 ii,
528 1314 586 1358 qui
602 1313 647 1346 ita
665 1312 701 1346 in
719 1311 822 1345 latino
839 1311 951 1357 legere
969 1311 1149 1358 scriptores
1168 1315 1320 1349 Blondus
1339 1316 1485 1361 Eugenii
1500 1328 1606 1361 papae
1617 1317 1677 1349 IV.

61 1371 214 1405 notarius
231 1368 290 1402 lib.
305 1379 332 1410 3.
345 1365 466 1401 decade
489 1375 543 1397 10.
563 1364 703 1396 Marcus
724 1362 889 1406 Vigerius
907 1363 1096 1402 Paravinus,
1119 1363 1179 1407 qui
1196 1366 1324 1399 Romae
1344 1378 1434 1400 anno
1456 1369 1560 1408 1516.
1580 1363 1679 1404 obiit,

63 1421 101 1455 in
126 1417 338 1453 decachordo
365 1413 492 1451 chorda
521 1425 574 1445 10.
600 1409 765 1446 Roffenfis
794 1422 855 1445 art.
880 1423 935 1455 25.
962 1423 1076 1446 contra
1101 1413 1326 1450 Lutheranos.
1378 1415 1485 1450 Ekius
1503 1414 1563 1450 lib.
1586 1425 1616 1448 2.
1638 1414 1679 1448 de

62 1469 215 1517 primatu
239 1468 330 1502 Petri
354 1478 380 1500 c.
413 1475 468 1506 25.
490 1460 652 1495 Albertus
671 1460 811 1505 Pighius
835 1460 893 1495 lib.
914 1474 947 1503 4.
970 1461 1010 1496 de
1032 1461 1236 1498 Hierarchia
1254 1475 1281 1499 c.
1301 1463 1433 1499 ultimo.
1489 1465 1540 1498 Hi
1558 1475 1676 1498 omnes

62 1519 244 1563 scriptores
270 1518 413 1550 minime
435 1507 583 1556 suspeffi
608 1508 701 1548 sunt,
730 1520 762 1542 et
785 1520 893 1544 tamen
924 1510 1094 1546 decretum
1112 1513 1248 1548 concilii
1264 1513 1457 1549 Florentini
1473 1512 1629 1559 legerunt
1646 1523 1679 1547 et

62 1567 315 1603 intellexerunt,
343 1558 636 1608 quemadmodum
664 1570 694 1592 et
719 1569 781 1592 nos
807 1557 953 1604 legimus
971 1561 1325 1604 arquerintelleximus.
1378 1564 1550 1611 Majorem
1565 1573 1678 1597 autem

64 1615 147 1663 ipfis
173 1627 274 1660 quam
300 1609 567 1649 recentioribus,
595 1608 654 1651 qui
678 1605 776 1641 aliter
801 1611 904 1642 verba
928 1609 1063 1644 concilii
1079 1610 1229 1657 legerent
1247 1624 1279 1647 et
1298 1613 1546 1659 intelligerent,
1573 1610 1678 1646 fidem

68 1666 182 1701 deberi
200 1676 302 1699 nemo
323 1674 394 1697 non
412 1658 584 1703 intelligit.

163 1716 205 1749 In
227 1714 339 1748 eadem
367 1708 498 1759 synodo
524 1704 694 1742 Beffarion
722 1701 858 1738 seffione
883 1715 993 1742 nona,
1017 1706 1109 1741 velut
1135 1708 1347 1754 principium
1365 1709 1456 1756 apud
1475 1710 1623 1744 Graecos
1646 1720 1680 1744 et

55 1764 206 1800 -Latinos
225 1764 368 1797 minime
390 1754 659 1795 controversum,
677 1752 840 1799 supponit
861 1754 1015 1800 ecclefiam
1032 1756 1213 1791 Romanam
1229 1767 1491 1806 quantacumque
1509 1760 1678 1796 famltate

61 1815 207 1863 polleat,
232 1817 342 1848 minus
367 1819 476 1845 tamen
497 1807 622 1854 pollere
641 1804 769 1850 synodo
794 1806 994 1838 oecumenica
1018 1814 1052 1839 et
1076 1807 1262 1851 universali
1287 1807 1424 1853 ecclefia.
1479 1808 1584 1850 Quod
1601 1810 1676 1852 qui-

66 1864 146 1902 dem
170 1863 384 1908 principium
410 1872 428 1892 a
444 1857 573 1892 Latinis
599 1855 740 1888 minime
759 1850 918 1899 rejectum
943 1852 1089 1898 legitur3
1114 1855 1185 1890 imo
1201 1857 1236 1890 in
1256 1855 1388 1890 decreto
1407 1857 1546 1891 unionis
1567 1858 1678 1892 modo

56 1913 173 1949 rrelato
194 1910 432 1947 confirmatum
462 1905 505 1940 est
520 1931 528 1945 ‚
557 1916 634 1939 cum
653 1902 774 1954 modus
794 1901 945 1936 ecclefiae
960 1902 1148 1948 pascendae
1168 1916 1200 1939 et
1215 1906 1385 1951 regendae
1401 1903 1558 1951 pontifici
1579 1918 1677 1952 prae-

55 1961 206 2008 scri-ptus
225 1959 288 2002 est,
316 1960 407 2007 juxta
425 1953 497 1990 assta
514 1954 684 1992 veritatis,
713 1963 745 1986 et
762 1963 903 1986 canones
922 1952 1158 1988 conciliorum.

163 2010 242 2047 Post
263 2021 389 2046 tantam
421 2004 545 2039 nubem
571 2001 725 2038 testium,
753 2002 828 2046 quis
853 1999 911 2035 nifi
938 2013 1126 2037 excaecatus
1149 2015 1181 2038 et
1209 2015 1327 2038 vecors
1344 2002 1526 2039 adfirmare
1543 2005 1677 2043 audeat,

61 2063 236 2098 Romanos
255 2057 436 2106 pontifices
455 2054 597 2089 decretis
614 2052 839 2087 conciliorum
858 2063 927 2084 non
946 2052 1070 2098 teneri,
1097 2051 1153 2086 sed
1172 2066 1208 2088 ea
1224 2052 1318 2099 posse
1333 2065 1401 2099 pro
1419 2053 1516 2089 libito
1532 2054 1676 2100 abroga-

61 2124 121 2152 re,
148 2109 179 2146 et
200 2109 269 2144 fine
294 2106 389 2144 causa
416 2103 585 2149 quoslibet
601 2101 642 2136 ab
665 2103 704 2136 iis
731 2098 938 2147 dispensare,
964 2112 1042 2135 cum
1067 2102 1280 2137 contrarium
1307 2113 1358 2138 tot
1373 2116 1410 2138 ac
1428 2105 1512 2140 tanti
1529 2104 1676 2139 Romani

61 2159 241 2207 pontifices
269 2157 388 2193 diserte
414 2167 451 2190 ac
478 2153 546 2188 fine
562 2150 760 2196 ambagibus
778 2150 1020 2196 protestentur:
1047 2163 1126 2186 nam
1151 2153 1186 2187 in
1207 2150 1406 2188 testimoniis
1424 2151 1583 2199 superius
1599 2152 1674 2186 alla-

65 2211 110 2245 tis
146 2210 263 2243 videre
290 2206 346 2244 est,
372 2217 429 2240 eos
454 2203 552 2249 saepe
572 2200 704 2246 saepius
723 2199 956 2239 adfirmantes,
984 2199 1016 2234 se
1039 2200 1174 2236 concilii
1191 2201 1329 2248 legibus
1346 2203 1393 2240 ita
1410 2204 1538 2240 teneti,
1565 2213 1602 2237 ut
1622 2213 1678 2236 eas

61 2259 117 2305 vel
129 2259 167 2296 ‘m
183 2256 353 2305 leviffimis
371 2253 476 2294 rebus
489 2250 682 2299 infringere
700 2262 758 2287 aut
774 2249 902 2337 violalrze
918 2248 1059 2285 minime
1083 2249 1226 2294 valeant,

116 2326 122 2332 ,
909 2311 925 2335 r
956 2310 971 2344 3
1547 2302 1627 2336 Nee
