2022 2733
278 215 782 250 DISSERTATIONES
834 215 1181 254 HISTORICAE.
1230 220 1392 254 stsinr.
1421 219 1465 254 11.
1571 226 1639 265 νυ

78 303 175 349 scopi
204 302 331 351 judicio
364 302 546 338 Anthimus
568 303 659 339 ultro
686 303 884 351 subjecisset,
923 306 1015 342 venit
1039 304 1579 356 ConstantinopolimAgapetus,
1596 308 1691 356 apud

36 380 42 381 γ
78 365 180 398 quern
199 352 360 387 monachi
385 355 585 388 accusarunt
618 354 822 388 Anthimum
839 379 848 391 ‚
880 356 977 402 cujus
1004 357 1259 392 ordinationem
1280 358 1436 395 vitiosam
1465 359 1526 395 esse
1549 370 1689 395 cernens

75 409 269 449 Agapetus‚
297 401 406 437 statim
423 413 500 438 eum
520 403 897 449 Constantinopolitana
913 404 990 440 sede
1008 406 1118 454 ejecit,
1148 405 1353 452 suffragante
1369 420 1404 444 et
1424 409 1608 457 adjuvante
1626 411 1692 444 im-

74 463 254 499 peratore,
283 464 314 486 et
334 453 367 485 in
385 451 454 498 ejus
473 453 587 488 locum
617 454 789 487 ordinavit
816 455 993 489 Mennam.
1048 456 1108 490 illa
1134 467 1248 491 autem
1277 459 1450 494 ordinatio
1482 472 1552 494 non
1580 459 1689 504 magis

75 501 220 537 ostendit
241 502 292 548 jus
311 499 409 536 fuiffe
428 503 588 537 Romanis
605 501 824 547 pontificibus
851 502 1056 540 ordinandi,
1081 516 1141 539 aut
1169 505 1349 550 dejiciendi
1374 507 1691 554 Constantinopoli—

76 553 148 587 tani
167 551 340 597 episcopi,
384 563 485 595 quam
507 552 682 586 ordinatio
715 549 952 596 Chrysostomi
970 564 988 585 a
1013 553 1218 598 Theophilo
1238 565 1270 587 et
1298 557 1449 591 Anatolii
1473 570 1493 591 a
1519 557 1688 593 Dioscoro

76 601 204 648 probet
231 601 280 642 ius
299 597 363 635 else
389 600 619 635 Alexandrino
646 599 830 635 ordinandi
857 598 1227 648 Constantinopolitani
1254 601 1428 650 episcopi.
1453 617 1511 640 aut
1536 606 1689 640 {imiliter

78 644 252 687 ordinatio
273 651 420 685 Maximi
436 649 478 684 ab
502 649 683 690 Anatolio,
713 661 746 685 et
763 648 986 685 Calendionis
1003 651 1045 686 ab
1076 652 1202 687 Acacio
1223 652 1347 697 probet
1364 653 1417 701 jus
1439 652 1503 689 effe
1526 654 1693 690 Constan-

79 699 311 746 tinopolitano
327 698 513 733 ordinandi
523 699 743 740 Antiocheni,
771 698 853 733 haec
871 700 963 735 enim
982 698 1060 736 sunt
1081 714 1174 736 extra
1189 702 1347 737 ordinem
1369 701 1459 749 gesta
1474 703 1516 739 ab
1531 708 1690 750 Agapeto

77 749 121 786 ad
149 760 263 795 preces
295 748 524 784 orientalium.
592 752 721 783 Verum
755 747 934 784 adversarii
960 751 1117 786 Anthimi
1148 763 1219 785 non
1243 754 1400 788 contenti
1422 753 1523 788 illum
1548 754 1591 789 de
1618 752 1691 788 sede

78 797 454 844 Constantinopolitana
476 797 827 839 deturbaffe,libellos
845 798 1094 835 accusationum
1123 800 1324 837 obtulerunt
1340 827 1350 840 ‚
1386 813 1425 837 ut
1449 815 1518 838 non
1543 802 1651 839 modo
1673 815 1691 837 e

79 847 158 884 sede
173 846 568 893 Constantinopolitana‚
595 847 649 883 sed
670 859 702 883 et
716 861 734 883 e
754 849 1033 894 Trapezuntina,
1061 862 1098 886 ac
1116 852 1216 886 omni
1235 850 1368 887 honore
1387 851 1589 899 episcopali,
1617 854 1690 888 imo

78 909 111 934 et
126 899 368 933 communione
390 898 595 943 privaretur.
613 899 708 933 Huic
725 898 983 944 licetjudicium
1009 897 1178 945 fugienti,
1217 912 1249 935 et
1279 903 1313 936 in
1332 914 1450 937 errore
1474 903 1689 949 permanenti

81 948 315 995 poenitentiae
332 958 467 992 tempus
487 947 579 982 dedit
596 952 770 993 Agapetus
789 973 797 987 ‚
827 949 887 992 qui
904 949 1010 994 paulo
1034 949 1111 995 post
1126 963 1144 984 e
1159 951 1247 984 vivis
1263 950 1358 986 abiit.
1409 952 1488 987 Post
1505 953 1576 1000 ejus
1598 965 1692 988 mor·

79 1009 149 1032 tem
169 995 322 1044 synodus
339 994 737 1042 Constantinopolitana‚
760 998 818 1031 cui
835 995 989 1042 praefuit
1005 1001 1172 1035 Mennas‚
1192 999 1404 1035 definitivam
1421 1002 1458 1036 in
1486 1003 1692 1037 Anthimum

80 1045 282 1081 sententiam
302 1044 396 1081 tulit,
422 1045 458 1078 in
477 1044 593 1079 eadem
609 1044 743 1093 synodo
758 1047 919 1085 Severus,
949 1049 1068 1081 Petrus
1087 1058 1120 1081 et
1136 1050 1262 1082 Zoaras
1288 1049 1440 1085 damnati
1457 1049 1550 1088 sunt,
1600 1050 1691 1098 judi-

81 1096 242 1139 ciumque
266 1092 360 1128 istius
378 1091 500 1140 synodi
515 1095 550 1127 in
569 1094 631 1128 alia
649 1092 781 1142 synodo
808 1094 1122 1142 Hierosolymitana
1140 1096 1181 1131 ab
1200 1096 1372 1145 episcopis
1394 1100 1537 1134 orientis
1564 1098 1690 1146 proba-

81 1155 164 1180 tum.
192 1146 289 1179 Haec
305 1144 422 1177 omnia
439 1141 527 1188 gesta
543 1141 622 1178 sunt
636 1141 712 1189 post
732 1155 882 1178 mortem
902 1146 1064 1189 Agapeti,
1089 1158 1169 1180 cum
1188 1146 1302 1181 nullus
1318 1146 1394 1182 esset
1409 1150 1584 1183 Romanus
1604 1161 1690 1195 pon-

82 1191 165 1228 tifex
183 1189 317 1226 elestus.
372 1193 420 1225 Ex
440 1193 482 1225 iis
506 1191 700 1236 perspicere
717 1191 781 1230 est,
826 1193 941 1235 primo
959 1197 1168 1238 Agapemm,
1251 1208 1307 1230 am
1334 1198 1492 1232 Anthimi
1516 1197 1692 1244 judicasse,

82 1252 121 1278 ut
137 1240 286 1289 judicem
303 1239 344 1273 ab
362 1237 439 1284 ipso
459 1251 521 1273 reo
539 1238 685 1272 eleaum
702 1249 735 1272 et
752 1238 974 1283 postulatum.
1026 1242 1158 1276 Secund
1238 1244 1443 1288 “Agapetum
1467 1248 1587 1281 omnia
1612 1247 1693 1282 haee

81 1289 182 1337 egisse
198 1287 473 1333 eximperatoris
490 1287 669 1324 mandato,
703 1286 866 1321 consensu
889 1287 1126 1323 orientalium.
1177 1291 1304 1325 Tertio
1329 1291 1540 1328 definitivam
1564 1296 1599 1329 in
1622 1298 1694 1329 An.

82 1341 232 1377 thimum
249 1336 448 1373 sententiam
464 1336 634 1382 prolatam
652 1335 750 1371 fuiffe
766 1349 835 1372 non
858 1335 900 1371 ab
926 1335 1001 1382 ipso
1028 1341 1201 1384 Agapeto²
1235 1337 1291 1374 sed
1309 1352 1328 1374 a
1346 1343 1477 1377 Menna
1504 1353 1537 1376 et
1561 1341 1693 1390 synodo

83 1388 239 1426 orientali
256 1398 391 1421 vacante
407 1386 482 1420 sede
497 1386 690 1432 apostolica.
739 1389 895 1429 Quarto,
921 1387 958 1421 in
977 1389 1140 1423 Severum
1160 1390 1299 1423 Petrum
1313 1400 1348 1425 et
1364 1389 1448 1426 alios
1466 1391 1604 1427 eandem
1622 1391 1694 1428 sen·

84 1440 224 1474 tentiam
241 1435 303 1471 effe
319 1436 439 1473 latam,
466 1447 553 1481 quae
570 1450 624 1471 res
644 1434 788 1471 ostendit
806 1435 876 1471 falli
899 1439 1072 1479 Marcam,
1098 1450 1209 1484 quum
1223 1438 1278 1477 ait,
1286 1437 1402 1475 causas
1419 1438 1499 1476 fidei
1522 1441 1589 1478 fine
1603 1453 1694 1489 pon.

80 1487 181 1525 tificis
199 1486 345 1523 Romani
361 1485 546 1521 autoritate
562 1486 706 1533 judicari
725 1497 795 1520 non
820 1483 923 1532 posse.

234 1578 412 1618 Quantum
428 1584 546 1610 autem
572 1570 614 1606 ab
638 1569 889 1617 ista·opinione
914 1574 1014 1611 alieni
1039 1573 1169 1610 fuerint
1190 1574 1567 1614 orientales,manifeste
1593 1578 1695 1616 docet

87 1623 461 1670 Constantinopolitana
481 1621 625 1670 secunda
642 1620 813 1668 synodus,
868 1635 956 1667 quae
974 1636 1043 1658 non
1064 1625 1170 1660 modo
1189 1625 1343 1666 absente,
1370 1625 1425 1660 sed
1450 1638 1482 1661 et
1508 1627 1694 1665 reclaman-

85 1685 116 1709 te
132 1686 168 1708 ac
185 1684 362 1714 renuente,
388 1673 460 1708 imo
479 1681 513 1707 et
531 1671 745 1706 contrarium
767 1671 969 1708 decernente
987 1672 1153 1720 pontifice
1177 1674 1315 1721 Vigilio
1334 1676 1400 1710 tria
1425 1676 1573 1723 capitula
1598 1677 1696 1714 dam·

84 1734 186 1758 navit.

236 1809 314 1847 Post
337 1810 417 1845 haec
432 1808 745 1845 Monothelitarum
763 1808 894 1857 dogma
910 1808 1058 1851 emersit3
1095 1809 1161 1845 hoc
1185 1811 1337 1855 primum
1362 1811 1582 1857 Sophronius
1610 1816 1697 1852 Hie-

89 1859 356 1910 rosolymitanus
375 1861 411 1894 in
429 1858 575 1899 concilio
595 1858 768 1893 damnavit
780 1884 788 1899 ,
806 1870 1008 1903 tantumque
1020 1858 1152 1899 abfuit,
1164 1871 1201 1894 ut
1217 1861 1400 1897 Honorius
1417 1863 1590 1898 Romanus
1608 1877 1695 1911 pon.

89 1909 173 1946 tifex
192 1911 326 1957 primus
342 1911 377 1944 in
393 1909 578 1943 haereticos
599 1906 807 1953 insurgeret,
835 1909 916 1953 quin
934 1921 951 1942 e
968 1920 1086 1944 contra
1103 1909 1243 1944 illorum
1269 1912 1310 1947 ad
1329 1909 1510 1947 minimum
1528 1914 1696 1959 patronus

91 1961 210 1996 extitit.
263 1962 302 1994 In
322 1957 531 1994 occidentem
545 1970 606 2004 per
622 1957 794 2005 Pyrrhum
806 1983 815 1995 ,
841 1959 899 2003 qui
916 1957 997 1993 illuc
1012 1958 1180 2004 relegatus
1192 1956 1313 2002 fuerat,
1337 1958 1492 1996 dostrina
1514 1965 1696 1999 monothe-

89 2009 228 2045 litarum
247 2008 475 2052 diffeminata3
504 2020 590 2052 quae
613 2020 669 2041 res
695 2007 923 2042 Theodorum
941 2020 980 2042 ac
997 2008 1112 2053 postea
1129 2009 1324 2045 Martinum
1350 2012 1545 2047 Romanum
1565 2013 1696 2059 episco-

66 2079 71 2083 -
92 2071 179 2105 pum
206 2058 247 2093 ad
279 2057 540 2103 extinguendam
568 2056 660 2092 illam
685 2056 847 2092 haerefim
872 2058 1034 2092 excitavit.
1089 2059 1159 2093 Hic
1184 2071 1252 2094 non
1273 2059 1382 2100 solus,
1409 2059 1464 2094 {ed
1490 2062 1523 2095 in
1551 2064 1697 2099 concilio

89 2108 331 2156 plurimorum
351 2106 591 2153 episcoporum
602 2104 733 2141 causam
753 2106 940 2142 universam
951 2106 1109 2149 discuffir,
1122 2120 1154 2143 et
1173 2109 1481 2146 Monothelitarum
1500 2111 1624 2157 dogma
1644 2125 1697 2147 re-

95 2157 255 2203 probavit
273 2169 280 2191 :
308 2156 404 2193 causa
420 2168 535 2191 tamen
554 2167 622 2190 non
639 2155 684 2190 est
701 2154 794 2192 finita
810 2168 887 2191 ante
904 2156 1067 2201 judicium
1091 2156 1214 2207 synodi
1239 2157 1435 2196 universalis
1457 2159 1698 2198 Constantino-

95 2206 280 2254 politanae.
305 2206 366 2244 ubi
385 2206 500 2243 omnia
515 2205 558 2242 de
571 2206 708 2253 integro
725 2203 864 2243 tradam
889 2204 973 2242 sunt.

895 2306 925 2344 Α
950 2319 968 2341 ι
980 2318 996 2339 2
1546 2311 1651 2347 Deni-
