<?xml version="1.0" encoding="UTF-8"?>
<!DOCTYPE html PUBLIC "-//W3C//DTD XHTML 1.0 Transitional//EN"
    "http://www.w3.org/TR/xhtml1/DTD/xhtml1-transitional.dtd">
<html xmlns="http://www.w3.org/1999/xhtml" xml:lang="en" lang="en">
 <head>
  <title>
</title>
<meta http-equiv="Content-Type" content="text/html;charset=utf-8" />
  <meta name='ocr-system' content='tesseract 3.04.00' />
  <meta name='ocr-capabilities' content='ocr_page ocr_carea ocr_par ocr_line ocrx_word'/>
</head>
<body>
  <div class='ocr_page' id='page_1' title='image "./deantiquaecclesi00dupiuoft_0448.png"; bbox 0 0 1961 2718; ppageno 0'>
   <div class='ocr_carea' id='block_1_1' title="bbox 262 181 1563 232">
    <p class='ocr_par' dir='ltr' id='par_1_1' title="bbox 262 181 1563 232">
     <span class='ocr_line' id='line_1_1' title="bbox 262 181 1563 232; baseline -0.002 -10"><span class='ocrx_word' id='word_1_1' title='bbox 262 193 337 232; x_wconf 76' lang='lat'>‘420</span> <span class='ocrx_word' id='word_1_2' title='bbox 488 186 558 221; x_wconf 84' lang='lat' dir='ltr'>DE</span> <span class='ocrx_word' id='word_1_3' title='bbox 583 184 855 229; x_wconf 73' lang='lat' dir='ltr'>ANTIQVA</span> <span class='ocrx_word' id='word_1_4' title='bbox 881 181 1168 218; x_wconf 81' lang='lat' dir='ltr'>ECCLESIAE</span> <span class='ocrx_word' id='word_1_5' title='bbox 1229 182 1563 219; x_wconf 81' lang='lat' dir='ltr'><strong>DISCIPLINA</strong></span> 
     </span>
    </p>
   </div>
   <div class='ocr_carea' id='block_1_2' title="bbox 214 268 1846 1059">
    <p class='ocr_par' dir='ltr' id='par_1_2' title="bbox 214 268 1846 1059">
     <span class='ocr_line' id='line_1_2' title="bbox 217 268 1840 322; baseline -0.003 -11"><span class='ocrx_word' id='word_1_6' title='bbox 217 275 332 322; x_wconf 82' lang='lat' dir='ltr'>eipuis</span> <span class='ocrx_word' id='word_1_7' title='bbox 358 270 575 309; x_wconf 64' lang='lat' dir='ltr'>eleaoribus.</span> <span class='ocrx_word' id='word_1_8' title='bbox 630 272 755 308; x_wconf 87' lang='lat' dir='ltr'>Carolo</span> <span class='ocrx_word' id='word_1_9' title='bbox 782 270 877 306; x_wconf 86' lang='lat' dir='ltr'>calvo</span> <span class='ocrx_word' id='word_1_10' title='bbox 902 268 977 317; x_wconf 83' lang='lat' dir='ltr'>post</span> <span class='ocrx_word' id='word_1_11' title='bbox 1001 269 1179 305; x_wconf 78' lang='lat' dir='ltr'>biennium</span> <span class='ocrx_word' id='word_1_12' title='bbox 1205 279 1346 305; x_wconf 88' lang='lat' dir='ltr'>mortuo</span> <span class='ocrx_word' id='word_1_13' title='bbox 1363 269 1547 316; x_wconf 83' lang='lat' dir='ltr'>imperium</span> <span class='ocrx_word' id='word_1_14' title='bbox 1565 269 1705 312; x_wconf 81' lang='lat' dir='ltr'>vacavit,</span> <span class='ocrx_word' id='word_1_15' title='bbox 1732 269 1840 307; x_wconf 77' lang='lat' dir='ltr'>donec</span> 
     </span>
     <span class='ocr_line' id='line_1_3' title="bbox 215 316 1838 368; baseline -0.004 -7"><span class='ocrx_word' id='word_1_16' title='bbox 215 323 362 361; x_wconf 80' lang='lat' dir='ltr'>Carolus</span> <span class='ocrx_word' id='word_1_17' title='bbox 387 325 452 358; x_wconf 86' lang='lat'>111.</span> <span class='ocrx_word' id='word_1_18' title='bbox 475 322 646 358; x_wconf 87' lang='lat' dir='ltr'>Ludovici</span> <span class='ocrx_word' id='word_1_19' title='bbox 673 323 830 357; x_wconf 86' lang='lat' dir='ltr'>Bavariae</span> <span class='ocrx_word' id='word_1_20' title='bbox 857 319 951 355; x_wconf 86' lang='lat' dir='ltr'>ducis</span> <span class='ocrx_word' id='word_1_21' title='bbox 978 316 1067 354; x_wconf 85' lang='lat' dir='ltr'>filius</span> <span class='ocrx_word' id='word_1_22' title='bbox 1091 317 1204 363; x_wconf 84' lang='lat' dir='ltr'>ficque</span> <span class='ocrx_word' id='word_1_23' title='bbox 1228 318 1396 354; x_wconf 87' lang='lat' dir='ltr'>Ludovici</span> <span class='ocrx_word' id='word_1_24' title='bbox 1414 320 1464 354; x_wconf 88' lang='lat' dir='ltr'>Pii</span> <span class='ocrx_word' id='word_1_25' title='bbox 1482 333 1588 368; x_wconf 77' lang='lat' dir='ltr'>nepos</span> <span class='ocrx_word' id='word_1_26' title='bbox 1606 333 1696 356; x_wconf 88' lang='lat' dir='ltr'>anno</span> <span class='ocrx_word' id='word_1_27' title='bbox 1719 327 1804 360; x_wconf 73' lang='lat'>881.</span> <span class='ocrx_word' id='word_1_28' title='bbox 1819 333 1838 355; x_wconf 84' lang='lat' dir='ltr'>a</span> 
     </span>
     <span class='ocr_line' id='line_1_4' title="bbox 214 368 1841 424; baseline -0.004 -14"><span class='ocrx_word' id='word_1_29' title='bbox 214 377 348 424; x_wconf 87' lang='lat' dir='ltr'>Joanne</span> <span class='ocrx_word' id='word_1_30' title='bbox 373 375 470 409; x_wconf 87' lang='lat' dir='ltr'><strong>VIII.</strong></span> <span class='ocrx_word' id='word_1_31' title='bbox 497 383 678 408; x_wconf 87' lang='lat' dir='ltr'>coronatus</span> <span class='ocrx_word' id='word_1_32' title='bbox 699 371 753 406; x_wconf 85' lang='lat' dir='ltr'>est.</span> <span class='ocrx_word' id='word_1_33' title='bbox 809 368 885 405; x_wconf 91' lang='lat' dir='ltr'>Post</span> <span class='ocrx_word' id='word_1_34' title='bbox 912 369 1010 416; x_wconf 73' lang='lat' dir='ltr'>hujus</span> <span class='ocrx_word' id='word_1_35' title='bbox 1028 380 1174 404; x_wconf 87' lang='lat' dir='ltr'>mortem</span> <span class='ocrx_word' id='word_1_36' title='bbox 1192 368 1304 403; x_wconf 79' lang='lat' dir='ltr'>Italiae</span> <span class='ocrx_word' id='word_1_37' title='bbox 1323 380 1470 414; x_wconf 87' lang='lat' dir='ltr'>regnum</span> <span class='ocrx_word' id='word_1_38' title='bbox 1491 370 1526 404; x_wconf 84' lang='lat' dir='ltr'>in</span> <span class='ocrx_word' id='word_1_39' title='bbox 1545 371 1656 406; x_wconf 79' lang='lat' dir='ltr'>varias</span> <span class='ocrx_word' id='word_1_40' title='bbox 1675 368 1841 405; x_wconf 69' lang='lat' dir='ltr'>fastiones</span> 
     </span>
     <span class='ocr_line' id='line_1_5' title="bbox 217 416 1839 465; baseline -0.004 -6"><span class='ocrx_word' id='word_1_41' title='bbox 217 421 265 459; x_wconf 83' lang='lat' dir='ltr'>est</span> <span class='ocrx_word' id='word_1_42' title='bbox 284 421 442 458; x_wconf 89' lang='lat' dir='ltr'>divisum.</span> <span class='ocrx_word' id='word_1_43' title='bbox 497 422 614 458; x_wconf 88' lang='lat' dir='ltr'>Guido</span> <span class='ocrx_word' id='word_1_44' title='bbox 635 433 757 456; x_wconf 89' lang='lat' dir='ltr'>nomen</span> <span class='ocrx_word' id='word_1_45' title='bbox 779 420 1000 465; x_wconf 78' lang='lat' dir='ltr'>imperatoris</span> <span class='ocrx_word' id='word_1_46' title='bbox 1018 417 1211 465; x_wconf 75' lang='lat' dir='ltr'>assumpsit,</span> <span class='ocrx_word' id='word_1_47' title='bbox 1240 416 1296 453; x_wconf 91' lang='lat' dir='ltr'>sed</span> <span class='ocrx_word' id='word_1_48' title='bbox 1315 418 1519 464; x_wconf 80' lang='lat' dir='ltr'>Arnulphus</span> <span class='ocrx_word' id='word_1_49' title='bbox 1538 419 1654 455; x_wconf 87' lang='lat' dir='ltr'>Caroli</span> <span class='ocrx_word' id='word_1_50' title='bbox 1672 418 1763 454; x_wconf 85' lang='lat' dir='ltr'>filius</span> <span class='ocrx_word' id='word_1_51' title='bbox 1782 431 1839 455; x_wconf 88' lang='lat' dir='ltr'>oc-</span> 
     </span>
     <span class='ocr_line' id='line_1_6' title="bbox 214 465 1839 519; baseline -0.004 -11"><span class='ocrx_word' id='word_1_52' title='bbox 214 484 336 519; x_wconf 83' lang='lat' dir='ltr'>cupata</span> <span class='ocrx_word' id='word_1_53' title='bbox 359 471 434 518; x_wconf 86' lang='lat' dir='ltr'>post</span> <span class='ocrx_word' id='word_1_54' title='bbox 461 472 563 519; x_wconf 82' lang='lat' dir='ltr'>hujus</span> <span class='ocrx_word' id='word_1_55' title='bbox 594 482 742 506; x_wconf 86' lang='lat' dir='ltr'>mortem</span> <span class='ocrx_word' id='word_1_56' title='bbox 769 470 865 505; x_wconf 86' lang='lat' dir='ltr'>Italia</span> <span class='ocrx_word' id='word_1_57' title='bbox 889 469 1076 515; x_wconf 86' lang='lat' dir='ltr'>imperator</span> <span class='ocrx_word' id='word_1_58' title='bbox 1102 479 1285 503; x_wconf 89' lang='lat' dir='ltr'>coronatus</span> <span class='ocrx_word' id='word_1_59' title='bbox 1320 465 1375 503; x_wconf 87' lang='lat' dir='ltr'>est.</span> <span class='ocrx_word' id='word_1_60' title='bbox 1427 470 1534 504; x_wconf 88' lang='lat' dir='ltr'>Hunc</span> <span class='ocrx_word' id='word_1_61' title='bbox 1554 468 1595 505; x_wconf 81' lang='lat' dir='ltr'>ab</span> <span class='ocrx_word' id='word_1_62' title='bbox 1615 468 1839 515; x_wconf 83' lang='lat' dir='ltr'>optimatibus</span> 
     </span>
     <span class='ocr_line' id='line_1_7' title="bbox 217 516 1839 567; baseline -0.002 -11"><span class='ocrx_word' id='word_1_63' title='bbox 217 522 262 560; x_wconf 72' lang='lat' dir='ltr'>ad</span> <span class='ocrx_word' id='word_1_64' title='bbox 277 523 463 567; x_wconf 83' lang='lat' dir='ltr'>imperium</span> <span class='ocrx_word' id='word_1_65' title='bbox 483 532 685 567; x_wconf 84' lang='lat' dir='ltr'>promotum</span> <span class='ocrx_word' id='word_1_66' title='bbox 704 533 721 554; x_wconf 87' lang='lat' dir='ltr'>a</span> <span class='ocrx_word' id='word_1_67' title='bbox 738 519 958 565; x_wconf 88' lang='lat' dir='ltr'>principibus</span> <span class='ocrx_word' id='word_1_68' title='bbox 978 519 1172 553; x_wconf 89' lang='lat' dir='ltr'>Teutoniae</span> <span class='ocrx_word' id='word_1_69' title='bbox 1195 517 1440 563; x_wconf 85' lang='lat' dir='ltr'>imperatorem</span> <span class='ocrx_word' id='word_1_70' title='bbox 1457 516 1586 553; x_wconf 58' lang='lat' dir='ltr'>fabium</span> <span class='ocrx_word' id='word_1_71' title='bbox 1604 518 1724 554; x_wconf 89' lang='lat' dir='ltr'>docent</span> <span class='ocrx_word' id='word_1_72' title='bbox 1755 530 1839 553; x_wconf 89' lang='lat' dir='ltr'>non·</span> 
     </span>
     <span class='ocr_line' id='line_1_8' title="bbox 218 566 1839 616; baseline -0.004 -9"><span class='ocrx_word' id='word_1_73' title='bbox 218 571 308 607; x_wconf 85' lang='lat' dir='ltr'>nulli</span> <span class='ocrx_word' id='word_1_74' title='bbox 331 570 537 616; x_wconf 76' lang='lat' dir='ltr'>scriptore53</span> <span class='ocrx_word' id='word_1_75' title='bbox 563 582 707 605; x_wconf 80' lang='lat' dir='ltr'>attamen</span> <span class='ocrx_word' id='word_1_76' title='bbox 725 582 742 604; x_wconf 76' lang='lat' dir='ltr'>a</span> <span class='ocrx_word' id='word_1_77' title='bbox 763 566 1084 606; x_wconf 85' lang='lat' dir='ltr'>formosoRomam</span> <span class='ocrx_word' id='word_1_78' title='bbox 1103 578 1242 603; x_wconf 87' lang='lat' dir='ltr'>vocatus</span> <span class='ocrx_word' id='word_1_79' title='bbox 1264 579 1335 601; x_wconf 89' lang='lat' dir='ltr'>eam</span> <span class='ocrx_word' id='word_1_80' title='bbox 1353 568 1386 601; x_wconf 89' lang='lat' dir='ltr'>vi</span> <span class='ocrx_word' id='word_1_81' title='bbox 1408 568 1498 614; x_wconf 85' lang='lat' dir='ltr'>cepit</span> <span class='ocrx_word' id='word_1_82' title='bbox 1518 578 1548 603; x_wconf 86' lang='lat' dir='ltr'>et</span> <span class='ocrx_word' id='word_1_83' title='bbox 1564 567 1605 604; x_wconf 89' lang='lat' dir='ltr'>ab</span> <span class='ocrx_word' id='word_1_84' title='bbox 1633 567 1695 603; x_wconf 91' lang='lat' dir='ltr'>isto</span> <span class='ocrx_word' id='word_1_85' title='bbox 1721 568 1839 614; x_wconf 72' lang='lat' dir='ltr'>ponti-</span> 
     </span>
     <span class='ocr_line' id='line_1_9' title="bbox 219 617 1841 666; baseline -0.004 -9"><span class='ocrx_word' id='word_1_86' title='bbox 219 620 282 657; x_wconf 82' lang='lat' dir='ltr'>fiee</span> <span class='ocrx_word' id='word_1_87' title='bbox 307 621 496 666; x_wconf 87' lang='lat' dir='ltr'>imperator</span> <span class='ocrx_word' id='word_1_88' title='bbox 522 617 630 654; x_wconf 57' lang='lat' dir='ltr'>diglus</span> <span class='ocrx_word' id='word_1_89' title='bbox 650 619 756 663; x_wconf 85' lang='lat' dir='ltr'>usque</span> <span class='ocrx_word' id='word_1_90' title='bbox 775 617 817 652; x_wconf 87' lang='lat' dir='ltr'>ad</span> <span class='ocrx_word' id='word_1_91' title='bbox 834 617 1011 652; x_wconf 84' lang='lat' dir='ltr'>Othonem</span> <span class='ocrx_word' id='word_1_92' title='bbox 1034 629 1197 662; x_wconf 89' lang='lat' dir='ltr'>magnum</span> <span class='ocrx_word' id='word_1_93' title='bbox 1218 617 1424 651; x_wconf 86' lang='lat' dir='ltr'>Germaniae</span> <span class='ocrx_word' id='word_1_94' title='bbox 1442 629 1578 663; x_wconf 86' lang='lat' dir='ltr'>regem,</span> <span class='ocrx_word' id='word_1_95' title='bbox 1607 620 1666 666; x_wconf 82' lang='lat' dir='ltr'>qui</span> <span class='ocrx_word' id='word_1_96' title='bbox 1681 630 1766 652; x_wconf 78' lang='lat' dir='ltr'>anno</span> <span class='ocrx_word' id='word_1_97' title='bbox 1787 617 1841 651; x_wconf 85' lang='lat' dir='ltr'>do-</span> 
     </span>
     <span class='ocr_line' id='line_1_10' title="bbox 218 665 1843 714; baseline -0.004 -8"><span class='ocrx_word' id='word_1_98' title='bbox 218 672 363 706; x_wconf 78' lang='lat' dir='ltr'>minicae</span> <span class='ocrx_word' id='word_1_99' title='bbox 380 671 625 705; x_wconf 82' lang='lat' dir='ltr'><em>incarnationis</em></span> <span class='ocrx_word' id='word_1_100' title='bbox 647 672 691 712; x_wconf 87' lang='lat'>96</span> <span class='ocrx_word' id='word_1_101' title='bbox 701 667 850 711; x_wconf 87' lang='lat' dir='ltr'>2.inquit</span> <span class='ocrx_word' id='word_1_102' title='bbox 870 669 1012 712; x_wconf 86' lang='lat' dir='ltr'>Regino,</span> <span class='ocrx_word' id='word_1_103' title='bbox 1040 668 1166 702; x_wconf 78' lang='lat' dir='ltr'>Romae</span> <span class='ocrx_word' id='word_1_104' title='bbox 1182 665 1329 714; x_wconf 81' lang='lat' dir='ltr'>benigne</span> <span class='ocrx_word' id='word_1_105' title='bbox 1342 667 1517 713; x_wconf 80' lang='lat' dir='ltr'>susceptus</span> <span class='ocrx_word' id='word_1_106' title='bbox 1538 669 1774 702; x_wconf 83' lang='lat' dir='ltr'><em>acclamatione</em></span> <span class='ocrx_word' id='word_1_107' title='bbox 1792 674 1843 701; x_wconf 85' lang='lat' dir='ltr'>to-</span> 
     </span>
     <span class='ocr_line' id='line_1_11' title="bbox 218 714 1846 766; baseline -0.003 -11"><span class='ocrx_word' id='word_1_108' title='bbox 218 722 289 756; x_wconf 74' lang='lat' dir='ltr'>tius</span> <span class='ocrx_word' id='word_1_109' title='bbox 302 720 423 766; x_wconf 80' lang='lat' dir='ltr'>populi</span> <span class='ocrx_word' id='word_1_110' title='bbox 441 720 585 753; x_wconf 83' lang='lat' dir='ltr'>Romani</span> <span class='ocrx_word' id='word_1_111' title='bbox 603 727 636 752; x_wconf 82' lang='lat' dir='ltr'>et</span> <span class='ocrx_word' id='word_1_112' title='bbox 650 718 733 752; x_wconf 83' lang='lat' dir='ltr'>cleri</span> <span class='ocrx_word' id='word_1_113' title='bbox 750 717 790 750; x_wconf 80' lang='lat' dir='ltr'>ab</span> <span class='ocrx_word' id='word_1_114' title='bbox 809 718 980 762; x_wconf 78' lang='lat' dir='ltr'>apostolico</span> <span class='ocrx_word' id='word_1_115' title='bbox 1001 717 1137 756; x_wconf 72' lang='lat' dir='ltr'>Joanne</span> <span class='ocrx_word' id='word_1_116' title='bbox 1149 714 1223 758; x_wconf 84' lang='lat' dir='ltr'>filio</span> <span class='ocrx_word' id='word_1_117' title='bbox 1245 714 1400 750; x_wconf 75' lang='lat' dir='ltr'>Atherici</span> <span class='ocrx_word' id='word_1_118' title='bbox 1416 718 1603 763; x_wconf 77' lang='lat' dir='ltr'>imperator</span> <span class='ocrx_word' id='word_1_119' title='bbox 1621 726 1655 751; x_wconf 76' lang='lat' dir='ltr'>et</span> <span class='ocrx_word' id='word_1_120' title='bbox 1670 715 1846 763; x_wconf 78' lang='lat' dir='ltr'>Augustus</span> 
     </span>
     <span class='ocr_line' id='line_1_12' title="bbox 218 761 1840 814; baseline -0.002 -11"><span class='ocrx_word' id='word_1_121' title='bbox 218 777 360 803; x_wconf 83' lang='lat' dir='ltr'>vocatus</span> <span class='ocrx_word' id='word_1_122' title='bbox 379 768 420 814; x_wconf 82' lang='lat' dir='ltr'>est</span> <span class='ocrx_word' id='word_1_123' title='bbox 437 776 469 802; x_wconf 85' lang='lat' dir='ltr'>et</span> <span class='ocrx_word' id='word_1_124' title='bbox 486 767 672 802; x_wconf 79' lang='lat' dir='ltr'>ordinatus.</span> <span class='ocrx_word' id='word_1_125' title='bbox 717 767 749 798; x_wconf 91' lang='lat' dir='ltr'>Is</span> <span class='ocrx_word' id='word_1_126' title='bbox 767 764 880 809; x_wconf 85' lang='lat' dir='ltr'>postea</span> <span class='ocrx_word' id='word_1_127' title='bbox 898 775 967 799; x_wconf 84' lang='lat' dir='ltr'>tota</span> <span class='ocrx_word' id='word_1_128' title='bbox 984 764 1079 798; x_wconf 85' lang='lat' dir='ltr'>Italia</span> <span class='ocrx_word' id='word_1_129' title='bbox 1097 761 1232 797; x_wconf 56' lang='lat' dir='ltr'>subael-a</span> <span class='ocrx_word' id='word_1_130' title='bbox 1249 775 1348 807; x_wconf 85' lang='lat' dir='ltr'>atque</span> <span class='ocrx_word' id='word_1_131' title='bbox 1365 765 1569 809; x_wconf 86' lang='lat' dir='ltr'>imperatori</span> <span class='ocrx_word' id='word_1_132' title='bbox 1593 777 1713 810; x_wconf 87' lang='lat' dir='ltr'>graeco</span> <span class='ocrx_word' id='word_1_133' title='bbox 1741 769 1840 811; x_wconf 83' lang='lat' dir='ltr'>Apu-</span> 
     </span>
     <span class='ocr_line' id='line_1_13' title="bbox 219 809 1843 859; baseline -0.003 -7"><span class='ocrx_word' id='word_1_134' title='bbox 219 817 266 852; x_wconf 80' lang='lat' dir='ltr'>lia</span> <span class='ocrx_word' id='word_1_135' title='bbox 291 828 322 852; x_wconf 89' lang='lat' dir='ltr'>et</span> <span class='ocrx_word' id='word_1_136' title='bbox 344 816 497 851; x_wconf 83' lang='lat' dir='ltr'>Calabria</span> <span class='ocrx_word' id='word_1_137' title='bbox 521 826 652 859; x_wconf 86' lang='lat' dir='ltr'>erepta,</span> <span class='ocrx_word' id='word_1_138' title='bbox 682 812 792 847; x_wconf 84' lang='lat' dir='ltr'>filium</span> <span class='ocrx_word' id='word_1_139' title='bbox 816 813 956 856; x_wconf 86' lang='lat' dir='ltr'>imperii</span> <span class='ocrx_word' id='word_1_140' title='bbox 981 813 1183 858; x_wconf 85' lang='lat' dir='ltr'>participem</span> <span class='ocrx_word' id='word_1_141' title='bbox 1207 809 1287 845; x_wconf 87' lang='lat' dir='ltr'>fecit</span> <span class='ocrx_word' id='word_1_142' title='bbox 1306 824 1452 855; x_wconf 87' lang='lat' dir='ltr'>eumque</span> <span class='ocrx_word' id='word_1_143' title='bbox 1469 824 1560 847; x_wconf 84' lang='lat' dir='ltr'>anno</span> <span class='ocrx_word' id='word_1_144' title='bbox 1581 818 1663 857; x_wconf 89' lang='lat'><strong>967.</strong></span> <span class='ocrx_word' id='word_1_145' title='bbox 1681 815 1843 849; x_wconf 83' lang='lat' dir='ltr'>coronari</span> 
     </span>
     <span class='ocr_line' id='line_1_14' title="bbox 219 858 1842 915; baseline -0.003 -13"><span class='ocrx_word' id='word_1_146' title='bbox 219 864 320 915; x_wconf 75' lang='lat' dir='ltr'>juffit.</span> <span class='ocrx_word' id='word_1_147' title='bbox 371 867 422 900; x_wconf 88' lang='lat' dir='ltr'>Sic</span> <span class='ocrx_word' id='word_1_148' title='bbox 446 864 582 908; x_wconf 85' lang='lat' dir='ltr'>imperii</span> <span class='ocrx_word' id='word_1_149' title='bbox 607 862 757 907; x_wconf 82' lang='lat' dir='ltr'>dignitas</span> <span class='ocrx_word' id='word_1_150' title='bbox 781 861 823 896; x_wconf 91' lang='lat' dir='ltr'>ad</span> <span class='ocrx_word' id='word_1_151' title='bbox 847 861 1039 896; x_wconf 83' lang='lat' dir='ltr'>Germanos</span> <span class='ocrx_word' id='word_1_152' title='bbox 1059 860 1235 906; x_wconf 81' lang='lat' dir='ltr'>principes</span> <span class='ocrx_word' id='word_1_153' title='bbox 1255 858 1300 893; x_wconf 90' lang='lat' dir='ltr'>est</span> <span class='ocrx_word' id='word_1_154' title='bbox 1319 859 1488 895; x_wconf 86' lang='lat' dir='ltr'>devoluta.</span> <span class='ocrx_word' id='word_1_155' title='bbox 1541 864 1591 896; x_wconf 87' lang='lat' dir='ltr'>Ex</span> <span class='ocrx_word' id='word_1_156' title='bbox 1608 859 1706 896; x_wconf 72' lang='lat' dir='ltr'>diffis</span> <span class='ocrx_word' id='word_1_157' title='bbox 1727 874 1842 898; x_wconf 84' lang='lat' dir='ltr'>autem</span> 
     </span>
     <span class='ocr_line' id='line_1_15' title="bbox 218 909 1840 962; baseline -0.004 -12"><span class='ocrx_word' id='word_1_158' title='bbox 218 926 316 962; x_wconf 83' lang='lat' dir='ltr'>patet</span> <span class='ocrx_word' id='word_1_159' title='bbox 334 913 495 948; x_wconf 84' lang='lat' dir='ltr'>Carolum</span> <span class='ocrx_word' id='word_1_160' title='bbox 521 914 693 956; x_wconf 83' lang='lat' dir='ltr'>Magnum</span> <span class='ocrx_word' id='word_1_161' title='bbox 715 911 972 956; x_wconf 82' lang='lat' dir='ltr'>imperatoriam</span> <span class='ocrx_word' id='word_1_162' title='bbox 991 910 1190 955; x_wconf 85' lang='lat' dir='ltr'>dignitatem</span> <span class='ocrx_word' id='word_1_163' title='bbox 1210 917 1381 954; x_wconf 81' lang='lat' dir='ltr'>tamquam</span> <span class='ocrx_word' id='word_1_164' title='bbox 1401 909 1532 955; x_wconf 86' lang='lat' dir='ltr'>aliquid</span> <span class='ocrx_word' id='word_1_165' title='bbox 1552 910 1612 946; x_wconf 87' lang='lat' dir='ltr'>sibi</span> <span class='ocrx_word' id='word_1_166' title='bbox 1631 911 1708 959; x_wconf 85' lang='lat' dir='ltr'>jure</span> <span class='ocrx_word' id='word_1_167' title='bbox 1727 911 1840 957; x_wconf 84' lang='lat' dir='ltr'>acqui-</span> 
     </span>
     <span class='ocr_line' id='line_1_16' title="bbox 218 957 1840 1007; baseline -0.002 -8"><span class='ocrx_word' id='word_1_168' title='bbox 218 963 318 999; x_wconf 80' lang='lat' dir='ltr'>fitum</span> <span class='ocrx_word' id='word_1_169' title='bbox 345 962 418 997; x_wconf 79' lang='lat' dir='ltr'>filio</span> <span class='ocrx_word' id='word_1_170' title='bbox 447 958 635 1001; x_wconf 76' lang='lat' dir='ltr'>tradidisse,</span> <span class='ocrx_word' id='word_1_171' title='bbox 664 960 804 1007; x_wconf 77' lang='lat' dir='ltr'>ejusque</span> <span class='ocrx_word' id='word_1_172' title='bbox 831 959 1030 994; x_wconf 70' lang='lat' dir='ltr'>success-ores</span> <span class='ocrx_word' id='word_1_173' title='bbox 1057 959 1148 994; x_wconf 78' lang='lat' dir='ltr'>illam</span> <span class='ocrx_word' id='word_1_174' title='bbox 1176 957 1235 993; x_wconf 85' lang='lat' dir='ltr'>fibi</span> <span class='ocrx_word' id='word_1_175' title='bbox 1263 958 1354 994; x_wconf 89' lang='lat' dir='ltr'>velut</span> <span class='ocrx_word' id='word_1_176' title='bbox 1373 959 1627 996; x_wconf 79' lang='lat' dir='ltr'>haereditariam</span> <span class='ocrx_word' id='word_1_177' title='bbox 1648 959 1840 1002; x_wconf 75' lang='lat' dir='ltr'>vindicasse,</span> 
     </span>
     <span class='ocr_line' id='line_1_17' title="bbox 216 1007 1841 1059; baseline -0.001 -12"><span class='ocrx_word' id='word_1_178' title='bbox 216 1013 294 1059; x_wconf 85' lang='lat' dir='ltr'>post</span> <span class='ocrx_word' id='word_1_179' title='bbox 316 1011 394 1047; x_wconf 88' lang='lat' dir='ltr'>baec</span> <span class='ocrx_word' id='word_1_180' title='bbox 420 1023 520 1052; x_wconf 88' lang='lat' dir='ltr'>eum,</span> <span class='ocrx_word' id='word_1_181' title='bbox 550 1012 610 1055; x_wconf 91' lang='lat' dir='ltr'>qui</span> <span class='ocrx_word' id='word_1_182' title='bbox 634 1013 779 1046; x_wconf 83' lang='lat' dir='ltr'>Romam</span> <span class='ocrx_word' id='word_1_183' title='bbox 806 1009 972 1047; x_wconf 84' lang='lat' dir='ltr'>obtinuit,</span> <span class='ocrx_word' id='word_1_184' title='bbox 1003 1009 1202 1053; x_wconf 81' lang='lat' dir='ltr'>Italiamque</span> <span class='ocrx_word' id='word_1_185' title='bbox 1222 1007 1405 1050; x_wconf 83' lang='lat' dir='ltr'>obtinebat,</span> <span class='ocrx_word' id='word_1_186' title='bbox 1424 1022 1551 1045; x_wconf 89' lang='lat' dir='ltr'>nomen</span> <span class='ocrx_word' id='word_1_187' title='bbox 1574 1012 1841 1056; x_wconf 86' lang='lat' dir='ltr'>imperatorium</span> 
     </span>
    </p>
   </div>
   <div class='ocr_carea' id='block_1_3' title="bbox 215 1056 1843 1147">
    <p class='ocr_par' dir='ltr' id='par_1_3' title="bbox 215 1056 1843 1147">
     <span class='ocr_line' id='line_1_18' title="bbox 215 1056 1843 1146; baseline 0 -49"><span class='ocrx_word' id='word_1_188' title='bbox 215 1060 419 1146; x_wconf 29' lang='lat' dir='ltr'>{ssu-tapsi&amp;</span> <span class='ocrx_word' id='word_1_189' title='bbox 441 1072 479 1097; x_wconf 86' lang='lat' dir='ltr'>ac</span> <span class='ocrx_word' id='word_1_190' title='bbox 504 1061 643 1096; x_wconf 87' lang='lat' dir='ltr'>demum</span> <span class='ocrx_word' id='word_1_191' title='bbox 670 1059 847 1095; x_wconf 89' lang='lat' dir='ltr'>Othonem</span> <span class='ocrx_word' id='word_1_192' title='bbox 873 1058 969 1094; x_wconf 85' lang='lat' dir='ltr'>Italia</span> <span class='ocrx_word' id='word_1_193' title='bbox 994 1056 1128 1094; x_wconf 68' lang='lat' dir='ltr'>subasta</span> <span class='ocrx_word' id='word_1_194' title='bbox 1150 1057 1192 1093; x_wconf 87' lang='lat' dir='ltr'>ad</span> <span class='ocrx_word' id='word_1_195' title='bbox 1217 1058 1412 1095; x_wconf 86' lang='lat' dir='ltr'>Germanos</span> <span class='ocrx_word' id='word_1_196' title='bbox 1434 1059 1520 1096; x_wconf 85' lang='lat' dir='ltr'>hanc</span> <span class='ocrx_word' id='word_1_197' title='bbox 1537 1060 1843 1108; x_wconf 64' lang='lat' dir='ltr'>dignitatem-tran·</span> 
     </span>
     <span class='ocr_line' id='line_1_19' title="bbox 254 1123 356 1147; baseline -0.01 0"><span class='ocrx_word' id='word_1_198' title='bbox 254 1123 298 1147; x_wconf 78' lang='lat' dir='ltr'>ui</span> <span class='ocrx_word' id='word_1_199' title='bbox 328 1124 356 1146; x_wconf 89' lang='lat' dir='ltr'>e.</span> 
     </span>
    </p>
   </div>
   <div class='ocr_carea' id='block_1_4' title="bbox 569 1209 1492 1250">
    <p class='ocr_par' dir='ltr' id='par_1_4' title="bbox 569 1209 1492 1250">
     <span class='ocr_line' id='line_1_20' title="bbox 569 1209 1492 1250; baseline -0.001 0"><span class='ocrx_word' id='word_1_200' title='bbox 569 1211 628 1250; x_wconf 83' lang='lat' dir='ltr'>De</span> <span class='ocrx_word' id='word_1_201' title='bbox 647 1210 816 1249; x_wconf 77' lang='lat' dir='ltr'>Ludom&#39;ci</span> <span class='ocrx_word' id='word_1_202' title='bbox 832 1210 892 1248; x_wconf 83' lang='lat' dir='ltr'>Pii</span> <span class='ocrx_word' id='word_1_203' title='bbox 915 1216 946 1249; x_wconf 74' lang='lat' dir='ltr'>et</span> <span class='ocrx_word' id='word_1_204' title='bbox 963 1209 1130 1249; x_wconf 69' lang='lat' dir='ltr'>Lotharii</span> <span class='ocrx_word' id='word_1_205' title='bbox 1159 1209 1492 1249; x_wconf 73' lang='lat' dir='ltr'>exauz‘orationibas.</span> 
     </span>
    </p>
   </div>
   <div class='ocr_carea' id='block_1_5' title="bbox 208 1300 1842 2308">
    <p class='ocr_par' dir='ltr' id='par_1_5' title="bbox 208 1300 1842 2308">
     <span class='ocr_line' id='line_1_21' title="bbox 216 1300 1842 1396; baseline 0 -48"><span class='ocrx_word' id='word_1_206' title='bbox 216 1300 282 1396; x_wconf 82' lang='lat' dir='ltr'>In</span> <span class='ocrx_word' id='word_1_207' title='bbox 312 1311 504 1358; x_wconf 82' lang='lat' dir='ltr'>exemplum</span> <span class='ocrx_word' id='word_1_208' title='bbox 525 1323 545 1346; x_wconf 78' lang='lat' dir='ltr'>a</span> <span class='ocrx_word' id='word_1_209' title='bbox 572 1310 746 1345; x_wconf 81' lang='lat' dir='ltr'>nonnullis</span> <span class='ocrx_word' id='word_1_210' title='bbox 775 1310 954 1345; x_wconf 86' lang='lat' dir='ltr'>adducitur</span> <span class='ocrx_word' id='word_1_211' title='bbox 981 1310 1152 1345; x_wconf 85' lang='lat' dir='ltr'>Ludovici</span> <span class='ocrx_word' id='word_1_212' title='bbox 1177 1311 1228 1345; x_wconf 85' lang='lat' dir='ltr'>Pii</span> <span class='ocrx_word' id='word_1_213' title='bbox 1266 1313 1488 1359; x_wconf 77' lang='lat' dir='ltr'>imperatoris</span> <span class='ocrx_word' id='word_1_214' title='bbox 1511 1313 1721 1348; x_wconf 80' lang='lat' dir='ltr'>exau&#39;toratio</span> <span class='ocrx_word' id='word_1_215' title='bbox 1747 1325 1842 1349; x_wconf 77' lang='lat' dir='ltr'>anno</span> 
     </span>
     <span class='ocr_line' id='line_1_22' title="bbox 290 1358 1840 1407; baseline 0.001 -11"><span class='ocrx_word' id='word_1_216' title='bbox 290 1369 371 1406; x_wconf 81' lang='lat'><em>833.</em></span> <span class='ocrx_word' id='word_1_217' title='bbox 390 1363 427 1395; x_wconf 87' lang='lat' dir='ltr'>in</span> <span class='ocrx_word' id='word_1_218' title='bbox 445 1359 590 1394; x_wconf 84' lang='lat' dir='ltr'>concilio</span> <span class='ocrx_word' id='word_1_219' title='bbox 608 1358 871 1403; x_wconf 79' lang='lat' dir='ltr'>Compendiensi</span> <span class='ocrx_word' id='word_1_220' title='bbox 891 1358 998 1399; x_wconf 53' lang='lat' dir='ltr'>fasten</span> <span class='ocrx_word' id='word_1_221' title='bbox 1023 1358 1102 1392; x_wconf 90' lang='lat' dir='ltr'>licet</span> <span class='ocrx_word' id='word_1_222' title='bbox 1124 1361 1216 1393; x_wconf 84' lang='lat' dir='ltr'>enim</span> <span class='ocrx_word' id='word_1_223' title='bbox 1232 1361 1266 1394; x_wconf 89' lang='lat' dir='ltr'>id</span> <span class='ocrx_word' id='word_1_224' title='bbox 1285 1360 1354 1394; x_wconf 81' lang='lat' dir='ltr'>fine</span> <span class='ocrx_word' id='word_1_225' title='bbox 1372 1362 1518 1396; x_wconf 86' lang='lat' dir='ltr'>Romani</span> <span class='ocrx_word' id='word_1_226' title='bbox 1534 1361 1709 1407; x_wconf 79' lang='lat' dir='ltr'>pontificis</span> <span class='ocrx_word' id='word_1_227' title='bbox 1724 1361 1840 1398; x_wconf 73' lang='lat' dir='ltr'>austo-</span> 
     </span>
     <span class='ocr_line' id='line_1_23' title="bbox 208 1405 1839 1454; baseline 0.001 -7"><span class='ocrx_word' id='word_1_228' title='bbox 208 1414 318 1451; x_wconf 61' lang='lat' dir='ltr'>:itate</span> <span class='ocrx_word' id='word_1_229' title='bbox 340 1410 481 1445; x_wconf 74' lang='lat' dir='ltr'>fecerint</span> <span class='ocrx_word' id='word_1_230' title='bbox 508 1406 660 1454; x_wconf 86' lang='lat' dir='ltr'>episcopi</span> <span class='ocrx_word' id='word_1_231' title='bbox 686 1407 873 1442; x_wconf 83' lang='lat' dir='ltr'>Gallicani:</span> <span class='ocrx_word' id='word_1_232' title='bbox 903 1420 940 1441; x_wconf 87' lang='lat' dir='ltr'>ex</span> <span class='ocrx_word' id='word_1_233' title='bbox 971 1420 1011 1441; x_wconf 90' lang='lat' dir='ltr'>eo</span> <span class='ocrx_word' id='word_1_234' title='bbox 1040 1418 1151 1441; x_wconf 90' lang='lat' dir='ltr'>tamen</span> <span class='ocrx_word' id='word_1_235' title='bbox 1178 1405 1271 1443; x_wconf 60' lang='lat' dir='ltr'>fagio</span> <span class='ocrx_word' id='word_1_236' title='bbox 1301 1410 1460 1445; x_wconf 83' lang='lat' dir='ltr'>nonnulli</span> <span class='ocrx_word' id='word_1_237' title='bbox 1477 1408 1633 1446; x_wconf 85' lang='lat' dir='ltr'>inferunt</span> <span class='ocrx_word' id='word_1_238' title='bbox 1650 1412 1684 1445; x_wconf 90' lang='lat' dir='ltr'>in</span> <span class='ocrx_word' id='word_1_239' title='bbox 1703 1411 1839 1448; x_wconf 75' lang='lat' dir='ltr'>ecclesia</span> 
     </span>
     <span class='ocr_line' id='line_1_24' title="bbox 219 1455 1838 1507; baseline 0 -11"><span class='ocrx_word' id='word_1_240' title='bbox 219 1460 283 1496; x_wconf 80' lang='lat' dir='ltr'>effe</span> <span class='ocrx_word' id='word_1_241' title='bbox 299 1457 498 1507; x_wconf 80' lang='lat' dir='ltr'>potestatem</span> <span class='ocrx_word' id='word_1_242' title='bbox 516 1469 634 1502; x_wconf 80' lang='lat' dir='ltr'>regum</span> <span class='ocrx_word' id='word_1_243' title='bbox 657 1456 943 1504; x_wconf 79' lang='lat' dir='ltr'>dejiciendorum,</span> <span class='ocrx_word' id='word_1_244' title='bbox 973 1455 1026 1490; x_wconf 87' lang='lat' dir='ltr'>sed</span> <span class='ocrx_word' id='word_1_245' title='bbox 1046 1466 1082 1489; x_wconf 85' lang='lat' dir='ltr'>ut</span> <span class='ocrx_word' id='word_1_246' title='bbox 1099 1455 1343 1500; x_wconf 77' lang='lat' dir='ltr'>cognoscatur,</span> <span class='ocrx_word' id='word_1_247' title='bbox 1376 1470 1491 1495; x_wconf 83' lang='lat' dir='ltr'>utrum</span> <span class='ocrx_word' id='word_1_248' title='bbox 1513 1459 1548 1494; x_wconf 88' lang='lat' dir='ltr'>id</span> <span class='ocrx_word' id='word_1_249' title='bbox 1570 1457 1661 1495; x_wconf 68' lang='lat' dir='ltr'>reste</span> <span class='ocrx_word' id='word_1_250' title='bbox 1677 1458 1838 1500; x_wconf 86' lang='lat' dir='ltr'>inferant,</span> 
     </span>
     <span class='ocr_line' id='line_1_25' title="bbox 217 1504 1837 1557; baseline 0.001 -12"><span class='ocrx_word' id='word_1_251' title='bbox 217 1522 334 1551; x_wconf 87' lang='lat' dir='ltr'>necne,</span> <span class='ocrx_word' id='word_1_252' title='bbox 362 1521 414 1544; x_wconf 88' lang='lat' dir='ltr'>res</span> <span class='ocrx_word' id='word_1_253' title='bbox 432 1507 536 1554; x_wconf 88' lang='lat' dir='ltr'>paulo</span> <span class='ocrx_word' id='word_1_254' title='bbox 553 1505 661 1541; x_wconf 79' lang='lat' dir='ltr'>fufius</span> <span class='ocrx_word' id='word_1_255' title='bbox 680 1505 855 1540; x_wconf 87' lang='lat' dir='ltr'>narranda.</span> <span class='ocrx_word' id='word_1_256' title='bbox 907 1505 1102 1539; x_wconf 86' lang='lat' dir='ltr'>Ludovicus</span> <span class='ocrx_word' id='word_1_257' title='bbox 1120 1504 1175 1538; x_wconf 89' lang='lat' dir='ltr'>ille</span> <span class='ocrx_word' id='word_1_258' title='bbox 1193 1506 1274 1540; x_wconf 89' lang='lat' dir='ltr'>Pius</span> <span class='ocrx_word' id='word_1_259' title='bbox 1298 1507 1412 1542; x_wconf 88' lang='lat' dir='ltr'>Caroli</span> <span class='ocrx_word' id='word_1_260' title='bbox 1428 1510 1552 1554; x_wconf 83' lang='lat' dir='ltr'>Magni</span> <span class='ocrx_word' id='word_1_261' title='bbox 1567 1509 1669 1548; x_wconf 83' lang='lat' dir='ltr'>filius,</span> <span class='ocrx_word' id='word_1_262' title='bbox 1695 1511 1837 1557; x_wconf 81' lang='lat' dir='ltr'>imperii</span> 
     </span>
     <span class='ocr_line' id='line_1_26' title="bbox 218 1553 1837 1606; baseline -0.002 -11"><span class='ocrx_word' id='word_1_263' title='bbox 218 1561 377 1606; x_wconf 79' lang='lat' dir='ltr'>regiones</span> <span class='ocrx_word' id='word_1_264' title='bbox 394 1559 480 1592; x_wconf 86' lang='lat' dir='ltr'>inter</span> <span class='ocrx_word' id='word_1_265' title='bbox 497 1556 720 1594; x_wconf 85' lang='lat' dir='ltr'>Lotharium‚</span> <span class='ocrx_word' id='word_1_266' title='bbox 749 1555 913 1599; x_wconf 88' lang='lat' dir='ltr'>Pipinum</span> <span class='ocrx_word' id='word_1_267' title='bbox 933 1565 965 1587; x_wconf 90' lang='lat' dir='ltr'>et</span> <span class='ocrx_word' id='word_1_268' title='bbox 981 1553 1198 1588; x_wconf 88' lang='lat' dir='ltr'>Ludovicum</span> <span class='ocrx_word' id='word_1_269' title='bbox 1216 1558 1364 1600; x_wconf 89' lang='lat' dir='ltr'>partitus</span> <span class='ocrx_word' id='word_1_270' title='bbox 1384 1555 1514 1592; x_wconf 85' lang='lat' dir='ltr'>fuerat:</span> <span class='ocrx_word' id='word_1_271' title='bbox 1551 1558 1600 1593; x_wconf 90' lang='lat' dir='ltr'>illi</span> <span class='ocrx_word' id='word_1_272' title='bbox 1619 1559 1751 1594; x_wconf 86' lang='lat' dir='ltr'>violatis</span> <span class='ocrx_word' id='word_1_273' title='bbox 1777 1573 1837 1596; x_wconf 84' lang='lat' dir='ltr'>na-</span> 
     </span>
     <span class='ocr_line' id='line_1_27' title="bbox 214 1601 1839 1654; baseline 0.001 -10"><span class='ocrx_word' id='word_1_274' title='bbox 214 1621 312 1644; x_wconf 84' lang='lat' dir='ltr'>turae</span> <span class='ocrx_word' id='word_1_275' title='bbox 330 1619 361 1642; x_wconf 89' lang='lat' dir='ltr'>et</span> <span class='ocrx_word' id='word_1_276' title='bbox 374 1607 548 1651; x_wconf 87' lang='lat' dir='ltr'>aequitatis</span> <span class='ocrx_word' id='word_1_277' title='bbox 565 1603 697 1649; x_wconf 83' lang='lat' dir='ltr'>legibus</span> <span class='ocrx_word' id='word_1_278' title='bbox 717 1602 877 1637; x_wconf 82' lang='lat' dir='ltr'>adversus</span> <span class='ocrx_word' id='word_1_279' title='bbox 894 1614 1025 1648; x_wconf 88' lang='lat' dir='ltr'>patrem</span> <span class='ocrx_word' id='word_1_280' title='bbox 1044 1601 1296 1648; x_wconf 81' lang='lat' dir='ltr'>conspirarunt,</span> <span class='ocrx_word' id='word_1_281' title='bbox 1316 1619 1460 1652; x_wconf 86' lang='lat' dir='ltr'>eumque</span> <span class='ocrx_word' id='word_1_282' title='bbox 1476 1608 1630 1653; x_wconf 86' lang='lat' dir='ltr'>primu-m</span> <span class='ocrx_word' id='word_1_283' title='bbox 1649 1621 1740 1646; x_wconf 87' lang='lat' dir='ltr'>anno</span> <span class='ocrx_word' id='word_1_284' title='bbox 1756 1617 1839 1654; x_wconf 76' lang='lat'><strong>839·</strong></span> 
     </span>
     <span class='ocr_line' id='line_1_28' title="bbox 215 1651 1836 1706; baseline 0.001 -13"><span class='ocrx_word' id='word_1_285' title='bbox 215 1658 402 1694; x_wconf 85' lang='lat' dir='ltr'>Lotharius</span> <span class='ocrx_word' id='word_1_286' title='bbox 420 1657 454 1690; x_wconf 82' lang='lat' dir='ltr'>in</span> <span class='ocrx_word' id='word_1_287' title='bbox 474 1653 677 1689; x_wconf 85' lang='lat' dir='ltr'>monasterio</span> <span class='ocrx_word' id='word_1_288' title='bbox 694 1651 983 1687; x_wconf 83' lang='lat' dir='ltr'>Sammedarden-li</span> <span class='ocrx_word' id='word_1_289' title='bbox 1002 1651 1182 1699; x_wconf 77' lang='lat' dir='ltr'>concluiit,</span> <span class='ocrx_word' id='word_1_290' title='bbox 1219 1665 1257 1689; x_wconf 88' lang='lat' dir='ltr'>ut</span> <span class='ocrx_word' id='word_1_291' title='bbox 1276 1655 1323 1690; x_wconf 89' lang='lat' dir='ltr'>ibi</span> <span class='ocrx_word' id='word_1_292' title='bbox 1341 1655 1556 1693; x_wconf 86' lang='lat' dir='ltr'>monasticam</span> <span class='ocrx_word' id='word_1_293' title='bbox 1572 1659 1675 1693; x_wconf 86' lang='lat' dir='ltr'>vitam</span> <span class='ocrx_word' id='word_1_294' title='bbox 1694 1657 1836 1706; x_wconf 83' lang='lat' dir='ltr'>profite-</span> 
     </span>
     <span class='ocr_line' id='line_1_29' title="bbox 211 1700 1838 1757; baseline 0.001 -14"><span class='ocrx_word' id='word_1_295' title='bbox 211 1719 320 1743; x_wconf 74' lang='lat' dir='ltr'>retur.</span> <span class='ocrx_word' id='word_1_296' title='bbox 374 1705 458 1740; x_wconf 82' lang='lat' dir='ltr'>Inde</span> <span class='ocrx_word' id='word_1_297' title='bbox 483 1703 588 1750; x_wconf 89' lang='lat' dir='ltr'>paulo</span> <span class='ocrx_word' id='word_1_298' title='bbox 614 1700 692 1748; x_wconf 86' lang='lat' dir='ltr'>post</span> <span class='ocrx_word' id='word_1_299' title='bbox 716 1715 820 1749; x_wconf 84' lang='lat' dir='ltr'>opera</span> <span class='ocrx_word' id='word_1_300' title='bbox 849 1702 961 1748; x_wconf 87' lang='lat' dir='ltr'>Pipini</span> <span class='ocrx_word' id='word_1_301' title='bbox 988 1712 1089 1746; x_wconf 86' lang='lat' dir='ltr'>atque</span> <span class='ocrx_word' id='word_1_302' title='bbox 1106 1702 1272 1745; x_wconf 82' lang='lat' dir='ltr'>Ludovici</span> <span class='ocrx_word' id='word_1_303' title='bbox 1290 1705 1468 1747; x_wconf 84' lang='lat' dir='ltr'>liberatus,</span> <span class='ocrx_word' id='word_1_304' title='bbox 1496 1707 1699 1744; x_wconf 85' lang='lat' dir='ltr'>Lotharium</span> <span class='ocrx_word' id='word_1_305' title='bbox 1718 1708 1758 1744; x_wconf 88' lang='lat' dir='ltr'>ad</span> <span class='ocrx_word' id='word_1_306' title='bbox 1778 1723 1838 1757; x_wconf 90' lang='lat' dir='ltr'>pe·</span> 
     </span>
     <span class='ocr_line' id='line_1_30' title="bbox 215 1750 1834 1804; baseline 0.001 -12"><span class='ocrx_word' id='word_1_307' title='bbox 215 1756 355 1792; x_wconf 86' lang='lat' dir='ltr'>tendam</span> <span class='ocrx_word' id='word_1_308' title='bbox 382 1755 515 1789; x_wconf 81' lang='lat' dir='ltr'>veniam</span> <span class='ocrx_word' id='word_1_309' title='bbox 546 1752 721 1797; x_wconf 86' lang='lat' dir='ltr'>compulit.</span> <span class='ocrx_word' id='word_1_310' title='bbox 777 1751 843 1786; x_wconf 84' lang='lat' dir='ltr'>Sed-</span> <span class='ocrx_word' id='word_1_311' title='bbox 865 1752 927 1786; x_wconf 89' lang='lat' dir='ltr'>hac</span> <span class='ocrx_word' id='word_1_312' title='bbox 951 1750 1106 1786; x_wconf 85' lang='lat' dir='ltr'>libertate</span> <span class='ocrx_word' id='word_1_313' title='bbox 1132 1751 1192 1787; x_wconf 86' lang='lat' dir='ltr'>diu</span> <span class='ocrx_word' id='word_1_314' title='bbox 1211 1766 1281 1788; x_wconf 86' lang='lat' dir='ltr'>non</span> <span class='ocrx_word' id='word_1_315' title='bbox 1301 1753 1348 1789; x_wconf 83' lang='lat' dir='ltr'>est</span> <span class='ocrx_word' id='word_1_316' title='bbox 1363 1754 1513 1800; x_wconf 87' lang='lat' dir='ltr'>fruitus‚·</span> <span class='ocrx_word' id='word_1_317' title='bbox 1541 1769 1619 1792; x_wconf 82' lang='lat' dir='ltr'>nam</span> <span class='ocrx_word' id='word_1_318' title='bbox 1639 1771 1730 1794; x_wconf 85' lang='lat' dir='ltr'>anno</span> <span class='ocrx_word' id='word_1_319' title='bbox 1751 1766 1834 1804; x_wconf 79' lang='lat'>835,</span> 
     </span>
     <span class='ocr_line' id='line_1_31' title="bbox 213 1799 1832 1854; baseline 0.001 -12"><span class='ocrx_word' id='word_1_320' title='bbox 213 1808 343 1842; x_wconf 84' lang='lat' dir='ltr'>iterum</span> <span class='ocrx_word' id='word_1_321' title='bbox 372 1805 596 1851; x_wconf 83' lang='lat' dir='ltr'>conjurarunt</span> <span class='ocrx_word' id='word_1_322' title='bbox 619 1803 654 1836; x_wconf 86' lang='lat' dir='ltr'>in</span> <span class='ocrx_word' id='word_1_323' title='bbox 683 1813 760 1836; x_wconf 88' lang='lat' dir='ltr'>eum</span> <span class='ocrx_word' id='word_1_324' title='bbox 777 1811 855 1835; x_wconf 60' lang='lat' dir='ltr'>‘tres</span> <span class='ocrx_word' id='word_1_325' title='bbox 874 1800 951 1849; x_wconf 88' lang='lat' dir='ltr'>ejus</span> <span class='ocrx_word' id='word_1_326' title='bbox 970 1799 1044 1835; x_wconf 82' lang='lat' dir='ltr'>filii.</span> <span class='ocrx_word' id='word_1_327' title='bbox 1094 1801 1146 1836; x_wconf 92' lang='lat' dir='ltr'>Ab</span> <span class='ocrx_word' id='word_1_328' title='bbox 1168 1801 1234 1838; x_wconf 88' lang='lat' dir='ltr'>illis</span> <span class='ocrx_word' id='word_1_329' title='bbox 1253 1803 1354 1839; x_wconf 83' lang='lat' dir='ltr'>stabat</span> <span class='ocrx_word' id='word_1_330' title='bbox 1372 1806 1561 1852; x_wconf 84' lang='lat' dir='ltr'>Gregorius</span> <span class='ocrx_word' id='word_1_331' title='bbox 1581 1809 1642 1842; x_wconf 89' lang='lat' dir='ltr'>1V.</span> <span class='ocrx_word' id='word_1_332' title='bbox 1663 1806 1832 1854; x_wconf 86' lang='lat' dir='ltr'>pontifex,</span> 
     </span>
     <span class='ocr_line' id='line_1_32' title="bbox 217 1849 1835 1902; baseline -0.001 -11"><span class='ocrx_word' id='word_1_333' title='bbox 217 1857 280 1902; x_wconf 83' lang='lat' dir='ltr'>qui</span> <span class='ocrx_word' id='word_1_334' title='bbox 306 1867 384 1889; x_wconf 86' lang='lat' dir='ltr'>cum</span> <span class='ocrx_word' id='word_1_335' title='bbox 408 1855 442 1888; x_wconf 92' lang='lat' dir='ltr'>in</span> <span class='ocrx_word' id='word_1_336' title='bbox 471 1852 618 1887; x_wconf 83' lang='lat' dir='ltr'>Galliam</span> <span class='ocrx_word' id='word_1_337' title='bbox 644 1850 740 1885; x_wconf 83' lang='lat' dir='ltr'>fimul</span> <span class='ocrx_word' id='word_1_338' title='bbox 767 1862 845 1885; x_wconf 90' lang='lat' dir='ltr'>cum</span> <span class='ocrx_word' id='word_1_339' title='bbox 869 1851 1036 1885; x_wconf 85' lang='lat' dir='ltr'>Lothario</span> <span class='ocrx_word' id='word_1_340' title='bbox 1059 1849 1216 1889; x_wconf 76' lang='lat' dir='ltr'>venisset,</span> <span class='ocrx_word' id='word_1_341' title='bbox 1244 1864 1275 1887; x_wconf 90' lang='lat' dir='ltr'>et</span> <span class='ocrx_word' id='word_1_342' title='bbox 1294 1853 1384 1889; x_wconf 83' lang='lat' dir='ltr'>fama</span> <span class='ocrx_word' id='word_1_343' title='bbox 1412 1855 1488 1891; x_wconf 81' lang='lat' dir='ltr'>esset</span> <span class='ocrx_word' id='word_1_344' title='bbox 1514 1859 1835 1894; x_wconf 82' lang='lat' dir='ltr'>excommunicatio..</span> 
     </span>
     <span class='ocr_line' id='line_1_33' title="bbox 214 1899 1833 1954; baseline 0.001 -13"><span class='ocrx_word' id='word_1_345' title='bbox 214 1918 293 1941; x_wconf 83' lang='lat' dir='ltr'>nem</span> <span class='ocrx_word' id='word_1_346' title='bbox 313 1906 346 1939; x_wconf 87' lang='lat' dir='ltr'>in</span> <span class='ocrx_word' id='word_1_347' title='bbox 367 1903 581 1938; x_wconf 86' lang='lat' dir='ltr'>Ludovicum</span> <span class='ocrx_word' id='word_1_348' title='bbox 600 1902 700 1936; x_wconf 83' lang='lat' dir='ltr'>Pium</span> <span class='ocrx_word' id='word_1_349' title='bbox 722 1899 765 1934; x_wconf 87' lang='lat' dir='ltr'>ab</span> <span class='ocrx_word' id='word_1_350' title='bbox 784 1913 825 1935; x_wconf 85' lang='lat' dir='ltr'>co</span> <span class='ocrx_word' id='word_1_351' title='bbox 843 1900 1036 1940; x_wconf 82' lang='lat' dir='ltr'>ferendam,</span> <span class='ocrx_word' id='word_1_352' title='bbox 1065 1912 1226 1946; x_wconf 82' lang='lat' dir='ltr'>proceres</span> <span class='ocrx_word' id='word_1_353' title='bbox 1246 1914 1276 1937; x_wconf 92' lang='lat' dir='ltr'>et</span> <span class='ocrx_word' id='word_1_354' title='bbox 1300 1904 1448 1952; x_wconf 73' lang='lat' dir='ltr'>episcopi</span> <span class='ocrx_word' id='word_1_355' title='bbox 1466 1906 1573 1946; x_wconf 90' lang='lat' dir='ltr'>Galli,</span> <span class='ocrx_word' id='word_1_356' title='bbox 1603 1907 1662 1951; x_wconf 90' lang='lat' dir='ltr'>qui</span> <span class='ocrx_word' id='word_1_357' title='bbox 1687 1907 1833 1954; x_wconf 82' lang='lat' dir='ltr'>impera-</span> 
     </span>
     <span class='ocr_line' id='line_1_34' title="bbox 210 1949 1835 2002; baseline 0.004 -14"><span class='ocrx_word' id='word_1_358' title='bbox 210 1954 279 1990; x_wconf 86' lang='lat' dir='ltr'>tori</span> <span class='ocrx_word' id='word_1_359' title='bbox 303 1952 548 1989; x_wconf 84' lang='lat' dir='ltr'>adhaerebant,</span> <span class='ocrx_word' id='word_1_360' title='bbox 577 1951 787 1985; x_wconf 84' lang='lat' dir='ltr'>declararunt</span> <span class='ocrx_word' id='word_1_361' title='bbox 815 1950 862 1991; x_wconf 88' lang='lat' dir='ltr'>ei,</span> <span class='ocrx_word' id='word_1_362' title='bbox 888 1949 1017 1997; x_wconf 82' lang='lat' dir='ltr'>quodsi</span> <span class='ocrx_word' id='word_1_363' title='bbox 1033 1953 1367 1989; x_wconf 77' lang='lat' dir='ltr'>excommunicaturus</span> <span class='ocrx_word' id='word_1_364' title='bbox 1386 1958 1537 1992; x_wconf 80' lang='lat' dir='ltr'>veniret,</span> <span class='ocrx_word' id='word_1_365' title='bbox 1565 1957 1636 2002; x_wconf 82' lang='lat' dir='ltr'>ipse</span> <span class='ocrx_word' id='word_1_366' title='bbox 1657 1964 1835 1994; x_wconf 68' lang='lat' dir='ltr'>excommu-</span> 
     </span>
     <span class='ocr_line' id='line_1_35' title="bbox 212 1997 1834 2054; baseline 0.002 -15"><span class='ocrx_word' id='word_1_367' title='bbox 212 2007 344 2039; x_wconf 76' lang='lat' dir='ltr'>nicatur</span> <span class='ocrx_word' id='word_1_368' title='bbox 364 2001 485 2036; x_wconf 80' lang='lat' dir='ltr'>abiret.</span> <span class='ocrx_word' id='word_1_369' title='bbox 539 2003 764 2046; x_wconf 83' lang='lat' dir='ltr'>Quapropter</span> <span class='ocrx_word' id='word_1_370' title='bbox 781 1999 865 2033; x_wconf 82' lang='lat' dir='ltr'>nihil</span> <span class='ocrx_word' id='word_1_371' title='bbox 882 1999 938 2034; x_wconf 88' lang='lat' dir='ltr'>ille</span> <span class='ocrx_word' id='word_1_372' title='bbox 956 2000 990 2033; x_wconf 85' lang='lat' dir='ltr'>in</span> <span class='ocrx_word' id='word_1_373' title='bbox 1010 2000 1254 2047; x_wconf 84' lang='lat' dir='ltr'>imperatorem</span> <span class='ocrx_word' id='word_1_374' title='bbox 1275 2005 1435 2046; x_wconf 81' lang='lat' dir='ltr'>tentavit;</span> <span class='ocrx_word' id='word_1_375' title='bbox 1462 2016 1495 2039; x_wconf 83' lang='lat' dir='ltr'>at</span> <span class='ocrx_word' id='word_1_376' title='bbox 1508 2005 1689 2041; x_wconf 84' lang='lat' dir='ltr'>Lotharius</span> <span class='ocrx_word' id='word_1_377' title='bbox 1708 2018 1746 2042; x_wconf 74' lang='lat' dir='ltr'>et</span> <span class='ocrx_word' id='word_1_378' title='bbox 1759 1997 1834 2054; x_wconf 83' lang='lat' dir='ltr'>ejus</span> 
     </span>
     <span class='ocr_line' id='line_1_36' title="bbox 211 2048 1830 2096; baseline 0.002 -8"><span class='ocrx_word' id='word_1_379' title='bbox 211 2051 336 2096; x_wconf 76' lang='lat' dir='ltr'>fratres</span> <span class='ocrx_word' id='word_1_380' title='bbox 359 2052 392 2084; x_wconf 87' lang='lat' dir='ltr'>in</span> <span class='ocrx_word' id='word_1_381' title='bbox 419 2048 598 2095; x_wconf 80' lang='lat' dir='ltr'>propofito</span> <span class='ocrx_word' id='word_1_382' title='bbox 622 2050 824 2094; x_wconf 84' lang='lat' dir='ltr'>pertinaces,</span> <span class='ocrx_word' id='word_1_383' title='bbox 852 2061 984 2093; x_wconf 84' lang='lat' dir='ltr'>patrem</span> <span class='ocrx_word' id='word_1_384' title='bbox 1003 2048 1384 2095; x_wconf 25' lang='lat' dir='ltr'>imperio‘spoliandurn</span> <span class='ocrx_word' id='word_1_385' title='bbox 1409 2052 1472 2088; x_wconf 81' lang='lat' dir='ltr'>effe</span> <span class='ocrx_word' id='word_1_386' title='bbox 1489 2054 1684 2090; x_wconf 84' lang='lat' dir='ltr'>statuerunt.</span> <span class='ocrx_word' id='word_1_387' title='bbox 1736 2057 1769 2090; x_wconf 86' lang='lat' dir='ltr'>Is</span> <span class='ocrx_word' id='word_1_388' title='bbox 1789 2056 1830 2091; x_wconf 78' lang='lat' dir='ltr'>ab</span> 
     </span>
     <span class='ocr_line' id='line_1_37' title="bbox 215 2096 1831 2145; baseline 0.002 -8"><span class='ocrx_word' id='word_1_389' title='bbox 215 2100 379 2137; x_wconf 81' lang='lat' dir='ltr'>omnibus</span> <span class='ocrx_word' id='word_1_390' title='bbox 397 2096 590 2135; x_wconf 60' lang='lat' dir='ltr'>demimus,</span> <span class='ocrx_word' id='word_1_391' title='bbox 616 2096 820 2142; x_wconf 62' lang='lat' dir='ltr'>coafflusque</span> <span class='ocrx_word' id='word_1_392' title='bbox 840 2097 918 2132; x_wconf 78' lang='lat' dir='ltr'>fili—is</span> <span class='ocrx_word' id='word_1_393' title='bbox 935 2097 1002 2132; x_wconf 85' lang='lat' dir='ltr'>sese</span> <span class='ocrx_word' id='word_1_394' title='bbox 1022 2098 1164 2140; x_wconf 88' lang='lat' dir='ltr'>tradere,</span> <span class='ocrx_word' id='word_1_395' title='bbox 1191 2101 1225 2134; x_wconf 88' lang='lat' dir='ltr'>in</span> <span class='ocrx_word' id='word_1_396' title='bbox 1243 2102 1484 2138; x_wconf 79' lang='lat' dir='ltr'>monasterium</span> <span class='ocrx_word' id='word_1_397' title='bbox 1501 2104 1536 2139; x_wconf 88' lang='lat' dir='ltr'>S.</span> <span class='ocrx_word' id='word_1_398' title='bbox 1556 2101 1718 2145; x_wconf 82' lang='lat' dir='ltr'>Medardi</span> <span class='ocrx_word' id='word_1_399' title='bbox 1735 2104 1831 2140; x_wconf 86' lang='lat' dir='ltr'>Sues-</span> 
     </span>
     <span class='ocr_line' id='line_1_38' title="bbox 214 2144 1831 2194; baseline 0.002 -8"><span class='ocrx_word' id='word_1_400' title='bbox 214 2148 371 2186; x_wconf 78' lang='lat' dir='ltr'>fionensis</span> <span class='ocrx_word' id='word_1_401' title='bbox 387 2161 404 2182; x_wconf 86' lang='lat' dir='ltr'>a</span> <span class='ocrx_word' id='word_1_402' title='bbox 424 2147 588 2182; x_wconf 83' lang='lat' dir='ltr'>Lothario</span> <span class='ocrx_word' id='word_1_403' title='bbox 606 2144 779 2194; x_wconf 63' lang='lat' dir='ltr'>conjefflus</span> <span class='ocrx_word' id='word_1_404' title='bbox 798 2146 852 2189; x_wconf 87' lang='lat' dir='ltr'>est,</span> <span class='ocrx_word' id='word_1_405' title='bbox 880 2148 998 2192; x_wconf 86' lang='lat' dir='ltr'>ibique</span> <span class='ocrx_word' id='word_1_406' title='bbox 1017 2147 1075 2190; x_wconf 82' lang='lat' dir='ltr'>sub</span> <span class='ocrx_word' id='word_1_407' title='bbox 1094 2147 1232 2183; x_wconf 86' lang='lat' dir='ltr'>militari</span> <span class='ocrx_word' id='word_1_408' title='bbox 1249 2150 1398 2186; x_wconf 86' lang='lat' dir='ltr'>custodia</span> <span class='ocrx_word' id='word_1_409' title='bbox 1415 2152 1577 2188; x_wconf 86' lang='lat' dir='ltr'>detentus.</span> <span class='ocrx_word' id='word_1_410' title='bbox 1630 2152 1693 2188; x_wconf 82' lang='lat' dir='ltr'>Sed</span> <span class='ocrx_word' id='word_1_411' title='bbox 1712 2165 1749 2188; x_wconf 90' lang='lat' dir='ltr'>ut</span> <span class='ocrx_word' id='word_1_412' title='bbox 1765 2157 1831 2191; x_wconf 94' lang='lat' dir='ltr'>Lo-</span> 
     </span>
     <span class='ocr_line' id='line_1_39' title="bbox 211 2194 1831 2248; baseline 0.001 -13"><span class='ocrx_word' id='word_1_413' title='bbox 211 2200 344 2235; x_wconf 81' lang='lat' dir='ltr'>tharius</span> <span class='ocrx_word' id='word_1_414' title='bbox 369 2196 531 2233; x_wconf 87' lang='lat' dir='ltr'>facinoris</span> <span class='ocrx_word' id='word_1_415' title='bbox 556 2194 650 2232; x_wconf 86' lang='lat' dir='ltr'>istius</span> <span class='ocrx_word' id='word_1_416' title='bbox 675 2196 839 2231; x_wconf 84' lang='lat' dir='ltr'>invidiam</span> <span class='ocrx_word' id='word_1_417' title='bbox 864 2199 1051 2237; x_wconf 85' lang='lat' dir='ltr'>minueret,</span> <span class='ocrx_word' id='word_1_418' title='bbox 1072 2209 1287 2245; x_wconf 47' lang='lat' dir='ltr'>¹conventum</span> <span class='ocrx_word' id='word_1_419' title='bbox 1313 2213 1496 2247; x_wconf 83' lang='lat' dir='ltr'>procerum</span> <span class='ocrx_word' id='word_1_420' title='bbox 1523 2214 1553 2237; x_wconf 91' lang='lat' dir='ltr'>et</span> <span class='ocrx_word' id='word_1_421' title='bbox 1582 2200 1831 2248; x_wconf 71' lang='lat' dir='ltr'>episcoporum</span> 
     </span>
     <span class='ocr_line' id='line_1_40' title="bbox 209 2244 1834 2308; baseline 0 -23"><span class='ocrx_word' id='word_1_422' title='bbox 209 2249 344 2292; x_wconf 54' lang='lat' dir='ltr'>,Galliae</span> <span class='ocrx_word' id='word_1_423' title='bbox 359 2246 618 2296; x_wconf 77' lang='lat' dir='ltr'>Compendiurn</span> <span class='ocrx_word' id='word_1_424' title='bbox 635 2247 768 2297; x_wconf 77' lang='lat' dir='ltr'>indixit,</span> <span class='ocrx_word' id='word_1_425' title='bbox 779 2244 896 2296; x_wconf 79' lang='lat' dir='ltr'>ibique</span> <span class='ocrx_word' id='word_1_426' title='bbox 912 2246 1033 2286; x_wconf 82' lang='lat' dir='ltr'>callido</span> <span class='ocrx_word' id='word_1_427' title='bbox 1053 2245 1194 2286; x_wconf 75' lang='lat' dir='ltr'>confilio</span> <span class='ocrx_word' id='word_1_428' title='bbox 1210 2253 1477 2300; x_wconf 63' lang='lat' dir='ltr'>patrentcoegit</span> <span class='ocrx_word' id='word_1_429' title='bbox 1491 2252 1749 2301; x_wconf 25' lang='lat' dir='ltr'>poenitentiam(</span> <span class='ocrx_word' id='word_1_430' title='bbox 1762 2244 1834 2308; x_wconf 45' lang='lat' dir='ltr'>pti,</span> 
     </span>
    </p>
   </div>
  </div>
 </body>
</html>
