1982 2739
283 209 352 239 206
565 202 633 236 DE
663 202 933 244 ANTIQVA
960 199 1238 235 ECCLESIAE
1263 198 1570 237 DlSCPLINA

229 294 341 337 aliqua
353 291 506 328 societas,
516 289 572 326 sed
584 290 721 326 societas
738 291 842 326 totius
860 288 950 324 orbis
963 286 1134 328 fidelium,
1149 297 1231 331 ergo
1249 287 1289 321 ad
1309 285 1374 321 hoc
1391 296 1430 321 ut
1444 287 1523 331 quis
1543 285 1583 322 sit
1599 291 1678 322 vere
1690 284 1843 321 schisma-

232 354 316 377 ticus
334 353 364 376 et
381 343 708 380 excommunicatus,
734 350 872 385 oportet
890 349 926 372 ut
942 350 960 372 a
976 337 1083 372 totius
1099 336 1193 371 orbis
1212 334 1424 370 ecclesiarum
1442 337 1687 372 communione
1703 335 1744 370 fit
1761 336 1842 370 alie.

233 404 314 426 nus:
354 402 431 425 eum
460 401 573 424 autem
600 389 640 424 ab
669 389 810 424 illorum
836 387 1082 424 communione
1108 385 1257 420 alienum
1286 382 1350 419 esse
1375 386 1564 420 maximum
1591 384 1637 420 est
1662 385 1842 426 indicium,

230 452 309 476 cum
333 439 376 474 ab
400 438 496 474 illius
522 437 683 479 ecclesiae,
709 439 752 474 ad
779 449 882 484 quam
908 448 1028 472 omnes
1045 433 1259 476 referamur,
1287 435 1531 470 communione
1556 434 1685 470 alienus
1711 433 1767 471 est.

379 538 462 574 Hoc
495 535 608 583 posito
641 535 708 583 jam
743 533 841 569 facile
876 533 922 569 est
948 532 1109 571 statuere,
1137 545 1303 578 quaenam
1330 545 1347 567 e
1373 531 1609 568 diffidentibus
1633 529 1775 567 ecclesiis
1801 528 1844 566 fit

230 587 448 624 schismatica.
501 582 723 621 Manifestum
749 585 841 618 enim
868 583 913 618 est
940 596 979 618 ex
1013 582 1112 617 distis
1139 583 1231 618 illam
1259 581 1424 617 ecclesi-im
1450 582 1626 628 'ejusmodi
1651 579 1842 616 habendam

233 637 311 678 esse,
339 649 358 671 a
382 637 479 682 cujus
506 635 750 670 communione
775 644 923 667 caeterae
951 645 1068 667 omnes
1095 632 1147 666 vel
1172 645 1260 678 pene
1287 644 1404 666 omne«,-
1433 630 1641 666 diffidebant.
1696 633 1798 664 Nam·
1817 628 1843 664 si

231 688 339 723 totius
368 684 461 720 orbis
487 683 636 718 ecclesiae
662 694 739 718 cum
767 680 910 716 ecclesiis
938 680 1194 722 diffidentibus,
1249 692 1280 715 et
1305 693 1322 715 a
1350 680 1381 715 se
1408 681 1555 715 invicem
1583 679 1719 715 divulsis
1745 691 1841 714 com-

232 738 435 772 munionem
461 730 642 773 fovissent‚
693 743 748 766 eae
775 731 853 765 licet
885 732 975 765 inter
1009 730 1041 765 se
1074 729 1198 764 divisae
1224 729 1264 764 ab
1292 730 1422 764 ecclesia
1448 742 1559 764 tamen
1588 729 1744 764 universa
1770 740 1843 763 non

234 798 324 819 erant
352 783 537 830 separatae,
578 794 617 817 ut
643 781 786 825 contigit
813 781 848 814 in
875 781 1016 824 negotio
1042 778 1287 820 Asiaticorum,
1321 779 1504 826 Cypriani,
1544 779 1694 819 Meledi,
1730 789 1790 813 etc.
1819 776 1843 812 fi

233 847 315 869 vero
342 835 448 868 totius
475 831 570 866 orbis
596 828 747 866 ecclesiae
775 826 1004 867 dissentirent,
1033 829 1078 861 ita
1104 839 1143 862 ut
1170 840 1292 872 magna
1319 827 1454 862 illarum
1480 827 1663 862 multitudo
1689 839 1728 861 ex
1754 838 1844 862 utra·

233 897 300 929 que
326 895 422 928 parte
449 880 561 920 staret,
613 890 691 914 tunc
719 878 864 911 maxime
890 875 1077 921 lugendum
1105 885 1175 910 erat
1211 876 1276 909 hoc
1310 875 1462 914 malurn,
1519 888 1550 911 et
1578 875 1599 910 fi
1629 876 1670 910 de
1697 875 1764 910 fide
1791 875 1844 911 fo.

232 945 284 968 ret
309 930 486 969 dissentio,
514 926 765 968 adhaerendum
792 937 863 960 erat
885 926 1097 969 antiquitati,
1133 936 1237 968 eaque
1261 936 1339 970 pars
1364 937 1430 970 pro
1457 934 1537 959 vera
1563 924 1692 960 ecclesia
1719 924 1845 960 haben-

233 983 283 1022 da,
314 993 397 1024 quae
423 979 593 1021 antiquam
622 972 816 1010 dossrinam
841 974 1014 1010 retinebat.
1057 975 1090 1009 Si
1106 986 1188 1008 vero
1208 973 1249 1008 de
1267 972 1445 1019 disciplina
1462 985 1519 1008 aut
1539 974 1582 1009 de
1598 974 1729 1009 levibus
1745 987 1844 1019 quae-

231 1030 396 1065 stionibus
425 1024 503 1060 esset
529 1037 657 1060 tantum
684 1022 851 1068 quaestio,
885 1023 936 1057 illi
960 1034 1055 1058 erant
1081 1024 1189 1069 magis
1216 1022 1393 1068 culpandi,
1420 1024 1481 1068 qui
1506 1024 1614 1070 primi
1640 1035 1757 1070 pacem
1785 1023 1844 1058 ab·

234 1077 456 1124 rumpebant,
482 1086 540 1110 aut
568 1076 628 1120 qui
654 1085 727 1107 eam
752 1072 794 1107 ab
821 1072 897 1107 aliis
924 1072 1072 1108 oblatam
1100 1072 1259 1107 nolebant
1284 1073 1446 1119 accipere.
1498 1077 1543 1108 At
1564 1072 1587 1107 si
1605 1074 1683 1118 qui,
1711 1084 1750 1108 ut
1775 1071 1844 1120 jam

232 1125 573 1170 diximus‚'privati,
601 1123 625 1158 fi
652 1134 779 1168 paucae
804 1120 953 1157 ecclesiae
980 1121 1109 1157 nollent
1135 1133 1340 1157 caeterarum
1369 1122 1527 1157 omnium
1547 1123 1690 1158 decretis
1715 1122 1844 1158 obtem·

232 1188 370 1223 perate,
397 1187 436 1209 ac
461 1186 606 1220 propter
633 1173 723 1206 leves
750 1170 959 1215 quaestiones
985 1183 1044 1206 aut
1070 1170 1284 1217 disciplinam
1310 1170 1352 1205 ab
1382 1184 1496 1206 earum
1525 1172 1770 1207 communione
1793 1170 1845 1206 se-

230 1225 363 1273 junctae
390 1234 581 1259 manerent,
607 1220 828 1255 censebantur
855 1220 896 1254 ab
923 1220 1054 1254 ecclesia
1078 1232 1237 1255 extorres,
1289 1221 1343 1254 Sic
1368 1220 1594 1254 Montanistae
1622 1233 1654 1255 et
1679 1221 1844 1255 Novatia-

233 1278 266 1310 ni
296 1274 373 1307 licet
399 1273 556 1315 antiquae
592 1269 726 1312 (saltem
753 1269 981 1311 quarumdam
1006 1268 1237 1314 ecclesiarum)
1281 1269 1370 1301 circa
1398 1269 1646 1312 poenitentiam
1672 1268 1841 1305 severitati

232 1324 463 1360 inhaererent,
492 1320 572 1363 quia
597 1330 709 1352 tamen
735 1318 836 1362 pauci
863 1327 976 1356 erant,
1009 1317 1069 1360 qui
1095 1316 1192 1351 istam
1218 1316 1427 1350 retinendam
1457 1315 1517 1351 effe
1545 1317 1722 1355 ducerent,
1772 1330 1843 1353 cae-

234 1374 364 1415 terique
391 1380 509 1403 omnes
535 1366 691 1402 volebant
717 1365 815 1412 lapsis
842 1366 976 1400 veniam
1001 1365 1201 1411 indulgere,
1237 1365 1361 1400 merito
1389 1364 1589 1400 schismatici
1615 1366 1692 1402 sunt
1719 1367 1838 1402 habiti.

232 1424 285 1457 Sic
312 1417 484 1465 episcopi,
520 1417 582 1462 qui
607 1414 735 1450 stabant
760 1428 778 1449 a
804 1417 951 1453 Donato,
978 1426 1046 1459 pro
1072 1413 1290 1448 schismaticis
1318 1413 1464 1449 habendi
1491 1414 1644 1456 fuissent,
1681 1418 1840 1462 quamvis

233 1470 465 1505 Caecilianum
490 1466 693 1501 traditorem
721 1461 819 1497 fuisse
846 1461 1058 1502 constitisset,
1088 1464 1169 1506 quia
1194 1462 1236 1496 ab
1263 1464 1421 1497 omnium
1449 1463 1658 1500 ecclesiarum
1685 1478 1840 1501 commu-

235 1522 338 1554 nione
364 1525 512 1563 propter
536 1516 639 1550 unius
667 1511 819 1558 episcopi
847 1523 973 1545 crimen
1001 1509 1207 1545 exceffissent.
1285 1512 1334 1544 Ita
1359 1512 1460 1545 etiam
1488 1512 1564 1548 licet
1591 1515 1726 1550 Asiatici
1753 1525 1841 1550 tem-

233 1581 322 1615 pore
340 1565 492 1600 ViGoris
518 1565 660 1598 minime
685 1559 818 1596 fuerint
844 1559 1063 1600 schismatici,
1116 1560 1196 1604 quia
1221 1570 1330 1594 tamen
1356 1558 1433 1605 post
1459 1562 1594 1597 concilii
1612 1566 1758 1599 Nicaeni
1786 1564 1840 1599 de·

231 1628 362 1653 cretum
390 1614 542 1648 eamdem
577 1624 656 1647 cum
684 1610 834 1645 Asiaticis
870 1609 1086 1655 disciplinam
1121 1609 1299 1654 mordicus
1331 1610 1559 1651 retinuerunt,
1612 1614 1736 1648 merito
1772 1625 1840 1659 pro

233 1664 450 1702 schismaticis
460 1662 567 1697 habiti
578 1660 665 1696 sunt.
691 1661 743 1694 Sic
755 1658 891 1693 Lucifer
909 1671 939 1693 et
955 1659 1056 1703 pauci
1074 1656 1234 1693 faRionis
1251 1657 1323 1704 ejus
1343 1657 1500 1694 homines
1518 1659 1596 1695 licet
1611 1672 1768 1707 antiquae
1778 1664 1842 1697 cir-

235 1728 269 1750 ca
288 1713 468 1760 episcopos
486 1711 601 1758 lapsos
620 1709 814 1755 disciplinae
828 1705 1025 1742 defensores
1043 1707 1146 1742 veluti
1164 1705 1363 1742 schismatici
1380 1718 1413 1742 et
1431 1708 1690 1754 perturbatores
1710 1712 1853 1758 excepti-

233 1765 319 1799 [αυτ.
370 1763 528 1806 Denique
554 1760 741 1806 improbati
767 1757 843 1792 sunt
868 1758 1026 1792 nonnulli
1051 1756 1207 1803 episcopi,
1236 1758 1295 1800 qui
1322 1758 1429 1792 trium
1457 1759 1685 1804 capitulorum
1705 1760 1838 1796 damna-

234 1814 323 1848 tioni
350 1811 538 1846 consentu-e
568 1810 748 1847 nolebant,
802 1820 871 1842 non
908 1807 1003 1851 quod
1032 1806 1152 1841 isthaec
1177 1807 1240 1841 tria
1266 1806 1414 1851 capitula
1442 1807 1618 1843 necessario
1646 1809 1838 1845 damnanda

230 1861 349 1897 essent,
377 1873 454 1896 cum
482 1858 604 1906 possint
631 1855 768 1892 defendi
797 1870 827 1890 et
856 1856 1080 1891 defendantur
1114 1855 1240 1900 absque
1274 1853 1355 1889 fidei
1394 1866 1426 1890 et
1459 1857 1637 1903 religionis
1672 1858 1839 1904 periculo.

234 1912 290 1947 sed
311 1912 389 1956 quia
410 1922 475 1944 non
501 1909 662 1943 debebant
681 1906 730 1941 illi
749 1918 952 1940 caeterarum
973 1905 1178 1940 ecclesiarum
1205 1902 1383 1939 consensui
1405 1903 1472 1940 sese
1493 1919 1684 1953 opponere.

385 1962 434 1993 Ex
451 1955 569 1994 diffls,
595 1969 633 1991 ut
651 1968 754 2001 puto,
783 1955 858 1990 saris
876 1968 908 1989 et
927 1955 1061 1989 abunde
1083 1955 1195 1998 liquet,
1219 1953 1299 1998 quid
1319 1965 1350 1988 et
1375 1956 1565 2001 quotuplex
1585 1954 1662 1991 esset
1681 1955 1764 1991 olim
1782 1969 1837 1992 ex-

235 2009 501 2045 communicatio
514 2030 523 2042 ,
549 2018 680 2039 necnon
698 2018 717 2039 a
735 2005 857 2048 quibus
875 2016 907 2038 et
926 2003 1103 2048 quomodo
1121 2001 1283 2042 ferretur,
1311 2003 1406 2047 quod
1425 2007 1541 2050 primo
1568 2005 1646 2041 loco
1664 2005 1763 2041 nobis
1782 2018 1839 2040 ex-

233 2056 452 2094 aminandum
471 2055 784 2101 proposueramus·,
811 2066 903 2089 nunc
925 2053 1167 2098 inquirendum
1184 2051 1240 2093 est,
1260 2064 1406 2099 propter
1422 2054 1518 2100 quid,
1538 2056 1623 2090 etin
1649 2067 1736 2101 quos
1750 2054 1837 2091 ferri

230 2107 329 2155 possix
354 2117 387 2141 et
407 2105 533 2140 debeat.

1582 2289 1778 2335 CAPVT
