2022 2733
348 225 859 274 DISSERTATIONES
886 238 1227 286 HISTORICAE.
1255 249 1413 290 Dicere-12
1436 256 1515 294 VH.

1616 274 1688 309 425

272 318 324 353 Ut
340 331 452 356 autem
471 333 600 368 pateat,
627 322 827 362 elesiionem
850 329 1066 375 imperatoris
1085 335 1126 370 ad
1153 335 1314 375 elestores
1337 344 1515 383 transferri
1541 348 1582 384 ab
1607 351 1738 406 episco-

118 363 175 410 pis
194 368 357 403 Romanis
381 369 449 405 fine
468 372 591 418 injuria
612 385 679 408 non
699 375 866 420 potuisse,
895 379 954 415 nili
984 395 1020 415 ex
1047 396 1165 421 eorum
1196 389 1357 428 consensu
1383 395 1415 429 id
1444 395 1573 433 sagium
1607 399 1737 440 fuisser.

113 414 395 454 confiderandum
427 420 489 462 est,
524 421 566 456 ad
593 434 691 467 quos*
709 426 927 471 imperatoris
957 430 1075 468 elestio
1104 434 1239 472 diversis

1275 445 1488 489 temporibus
1521 451 1734 494 pertinuerit.

114 467 204 499 Ante
221 467 477 505 translationem
501 472 640 516 imperii
664 473 749 508 hanc
766 476 806 509 ad
825 476 973 514 senatum
991 483 1235 530 populumque
1248 488 1323 535 jure
1334 495 1531 538 pertinuisse
1549 511 1652 533 nemo
1671 501 1736 538 ibit

113 512 268 551 inficias:
297 520 461 554 exercitus
479 531 590 555 tamen
607 521 814 568 plerumque
835 528 1057 573 imperatores
1077 533 1261 578 eligebant,
1306 544 1366 585 qui
1395 543 1521 580 [enatus
1549 560 1585 581 ac
1610 551 1734 595 populi

113 563 278 600 consensu
301 566 487 613 imperium
514 569 730 607 retinebant,·
765 573 841 617 post
873 578 1014 622 imperii
1042 583 1296 622 translationem
1324 593 1468 627 Carolus
1501 598 1668 640 Magnus,
1696 612 1734 636 ut

110 613 298 658 probatum
318 616 382 656 est,
409 617 449 651 ab
466 618 624 653 universo
650 620 784 665 populo
803 625 957 660 Romano
973 651 983 663 ‚
1016 641 1136 664 autore
1162 636 1317 672 Romano
1346 641 1510 685 pontifice
1536 639 1659 681 el‘eekus
1688 649 1733 685 est

109 663 310 708 imperator.
366 666 482 713 Hujus
502 665 698 703 successores
716 671 901 716 imperium
922 674 980 709 fibi
996 676 1073 723 jure
1092 679 1306 719 haereditatis

110 712 163 746 via
181 714 383 759 principum
401 728 437 749 ac
454 728 640 761 procerum
658 719 795 765 imperii
822 721 986 759 eleiffione
1004 726 1063 762 fibi
1083 730 1311 770 vindicarunt.

260 763 414 798 Ultimus
432 777 448 798 e
467 767 581 801 Caroli
601 769 722 812 Magni
747 768 909 816 sanguine
935 775 1120 820 imperator
1145 777 1214 816 fuit
1239 783 1434 822 Ludovieus
1461 791 1523 825 111.
1551 796 1729 842 Arnulphi

110 808 222 850 filius,
251 814 309 856 qui
331 813 430 858 prole
452 812 568 849 'carens
594 828 611 848 a
636 819 843 863 Berengario
868 824 1025 858 Veronae
1049 825 1158 862 vistus
1174 853 1184 866 ‚
1218 833 1322 869 vitam
1348 847 1380 870 et
1397 838 1582 884 imperium
1609 847 1728 884 amisit,

107 861 204 895 Hinc
220 862 407 908 imperium
425 876 524 898 ruere
542 865 665 910 coepit.
719 870 813 903 Nam
834 871 928 909 Itali,
955 886 992 907 ac
1004 877 1148 911 Romani
1166 891 1230 924 pro
1246 883 1385 928 regibus
1403 899 1440 922 ac
1457 889 1728 937 imperatoribus

105 907 255 945 viaores
274 912 516 957 agnoscebant,
544 914 589 948 ita
609 917 850 962 Berengarius‚
877 922 1070 958 Ludo-ricus
1089 926 1248 971 Bosonis,
1276 935 1387 980 Hugo
1416 938 1638 982 Arelatensis,
1662 949 1728 982 Lo-

106 958 237 994 tharius
255 961 325 1007 ejus
349 960 438 996 filius
458 988 466 1003 ,
495 963 696 1009 Rudolphus
716 969 950 1013 Burgundiae,
977 985 1008 1008 et
1023 974 1079 1008 alii
1098 975 1239 1014 subinde
1257 983 1386 1020 Italiam
1406 999 1634 1036 occupat-uim
1664 998 1726 1031 im·

103 1010 311 1054 periumque
338 1009 551 1047 affestarunr.
607 1016 655 1048 Ex
678 1014 739 1050 alia
764 1030 861 1063 parte
885 1022 1006 1057 Franci
1039 1026 1218 1074 principes
1247 1041 1280 1066 et
1304 1033 1468 1071 Germani
1491 1041 1688 1080 Conradum
1705 1058 1726 1081 ῃ

105 1058 267 1094 carolina
284 1058 388 1106 stirpe
409 1062 614 1098 Germaniae
633 1077 748 1110 regem
766 1068 1010 1113 imperatorem
1028 1076 1264 1121 agnoscebant,
1290 1081 1318 1116 is
1341 1087 1446 1120 morti
1462 1092 1659 1135 proximus,
1687 1106 1725 1132 ut

105 1119 221 1143 narrat
237 1110 432 1145 Nauclerus
455 1125 600 1158 generat.
623 1125 676 1156 3¹-
697 1129 749 1151 an.
773 1129 853 1162 937.
881 1119 1046 1164 persuasit
1065 1127 1302 1174 principibus,
1329 1145 1366 1167 ut
1383 1137 1575 1175 Henricum
1593 1145 1724 1179 Turin-

103 1158 180 1203 giae
207 1169 239 1192 et
264 1160 426 1194 Saxoniae
451 1162 571 1197 ducem
595 1165 630 1198 in
662 1177 779 1210 regem
807 1179 839 1202 et
867 1168 1085 1208 successorem
1112 1176 1287 1222 eligerent.
1339 1184 1403 1219 Sed
1422 1184 1474 1221 isti
1493 1188 1564 1224 duo
1585 1193 1722 1230 titulum

103 1204 324 1253 imperatoris
346 1222 416 1243 non
435 1210 639 1248 habuerunt.
693 1214 771 1250 Post
789 1216 866 1252 haec
890 1220 983 1255 Otho
1010 1221 1133 1259 elegius
1150 1251 1158 1266 ‚
1187 1239 1225 1263 ut
1250 1230 1294 1265 ait
1320 1233 1529 1279 Nauclerus,
1572 1241 1613 1275 ab
1631 1247 1725 1279 omni

76 1268 80 1269 ⁷
98 1257 224 1303 populo
239 1257 444 1294 Francorum
462 1270 495 1296 et
511 1262 693 1304 Saxonum,
722 1266 816 1300 Italia
836 1280 1050 1314 recuperata,
1077 1274 1298 1320 imperatoris
1321 1293 1445 1318 nomen
1467 1298 1504 1321 ac
1521 1288 1723 1334 dignitatem

102 1304 267 1340 consensu
285 1308 409 1352 populi
428 1311 574 1345 Romani
590 1314 741 1358 accepit,
770 1327 802 1349 et
820 1329 837 1350 a
858 1317 1024 1362 pontifice
1038 1323 1167 1358 Romae
1185 1326 1347 1364 inunffius
1368 1331 1422 1368 est.
1476 1338 1547 1378 Qui
1567 1351 1647 1375 vero
1664 1341 1722 1377 de-

103 1354 218 1400 inceps
235 1354 304 1389 istis
322 1355 518 1398 successere,
546 1360 751 1406 plerumque
766 1364 979 1401 haereditatis
993 1368 1087 1414 jure,
1115 1371 1155 1406 ab
1172 1376 1335 1412 universis
1358 1383 1493 1426 pariter
1516 1386 1722 1427 Germaniae

88 1403 324 1451 «principibus
346 1403 443 1440 eleffl
461 1405 620 1444 feruntur
636 1435 644 1449 ,
699 1410 806 1447 donec
829 1413 870 1449 ad
895 1417 1065 1454 vitandam
1094 1421 1329 1462 confusionem
1356 1442 1393 1465 ac
1418 1433 1618 1478 divisiones,
1647 1453 1723 1475 cae-

101 1454 167 1487 teri
183 1455 359 1500 principes
378 1454 504 1500 septem
533 1456 737 1494 elestoribus
767 1461 825 1497 sua
846 1463 923 1510 jura
950 1466 1122 1506 cesserunt.
1176 1476 1286 1511 Porro
1312 1490 1381 1513 non
1409 1486 1524 1527 potuit
1561 1489 1720 1532 pontifex

101 1500 191 1537 istud
215 1503 300 1551 juris
320 1502 519 1539 austeritate
546 1505 605 1540 sua
639 1510 844 1551 quibusdam
870 1516 1085 1562 principibus
1111 1521 1276 1567 adimere,
1312 1529 1443 1577 quippe
1467 1533 1541 1580 jure
1573 1541 1719 1575 naturali

101 1552 139 1586 in
162 1564 272 1587 reono
295 1551 436 1589 eleE’tivo
455 1553 575 1588 electio
592 1557 743 1600 pertinet
768 1559 810 1593 ad
833 1563 1029 1600 universum
1053 1571 1244 1615 populum,
1273 1574 1328 1611 sed
1356 1580 1397 1614 ad
1424 1584 1577 1619 vitandas
1603 1589 1718 1625 turbas

102 1582 377 1642 humansrum,-
391 1613 429 1637 ut
449 1605 625 1650 praecipui
643 1618 801 1650 proceres
819 1621 856 1642 ex
874 1611 1035 1649 consensu
1051 1619 1176 1663 populi
1193 1634 1339 1659 caeteros
1358 1629 1448 1664 cives
1468 1636 1718 1678 repraesentan-

102 1661 172 1688 tes,
199 1662 316 1696 regem
345 1663 402 1686 aut
422 1653 662 1698 imperatorem
689 1656 835 1702 eligant;
869 1671 930 1694 nec
955 1661 1117 1707 dubium,
1155 1672 1237 1713 quin
1262 1674 1384 1718 poffint
1408 1678 1466 1714 libi
1493 1683 1637 1719 invicem
1663 1686 1716 1732 jus

104 1698 203 1735 suum
232 1700 369 1739 cedere,
397 1713 427 1736 et
455 1700 654 1739 elefflonem
673 1708 791 1750 paucis
812 1719 943 1744 tantum
971 1716 1201 1758 committere,
1231 1720 1286 1756 sed
1305 1727 1500 1769 pontificem
1519 1735 1716 1773 Romanum

102 1749 139 1784 id
159 1747 228 1784 fine
247 1762 368 1784 eorum
386 1750 550 1786 consensu
567 1751 676 1788 facere
693 1755 784 1800 poffe
799 1756 984 1795 absurdum
1004 1767 1146 1807 prorius
1167 1769 1311 1807 videtur.

253 1801 363 1834 Porro
385 1799 406 1834 si
425 1801 508 1845 quid
527 1803 560 1836 in
588 1815 623 1837 re
649 1804 752 1839 dubia
777 1807 896 1854 conjici
921 1809 1020 1854 poffit
1045 1815 1224 1852 verisimile

102 1859 312 1884 caeterorum
332 1851 468 1896 imperii
486 1863 668 1897 procerum
696 1854 851 1890 adhibito
876 1858 1061 1900 consensu,
1090 1876 1122 1898 et
1150 1864 1219 1902 fort

101 1896 230 1944 ndjeffia
249 1911 433 1934 numerum
452 1899 638 1936 electorum
659 1901 883 1949 septenarium
913 1909 1133 1955 constituisse,

103 1949 151 1981 ris
172 1959 318 1988 careret,
347 1961 379 1982 et
395 1950 586 1994 periculum
605 1949 698 1993 esset,
728 1967 770 1988 ne
787 1955 962 1992 divisiones
983 1960 1026 1994 ob
1045 1961 1150 1999 elegio

102 1995 185 2030 huic
204 1997 295 2032 malo
314 1997 449 2033 obviam
466 2001 517 2034 ire
536 2000 671 2039 volens,
700 2005 851 2039 remedio
870 2005 931 2042 isto
951 2008 1030 2044 usus
1047 2012 1108 2053 est,

101 2045 166 2080 bus
182 2045 217 2080 id
233 2046 416 2092 probatum
436 2049 487 2083 iri.
543 2053 745 2096 Quanquam
772 2068 808 2089 ex
827 2055 964 2092 historia
979 2059 1122 2103 constat,

103 2095 238 2141 cipibus
257 2097 440 2132 ordinariis
461 2097 663 2136 elestoribus
690 2115 758 2137 non
785 2107 928 2140 omnino
956 2108 1144 2147 consentien

104 2143 263 2180 lentibus.
316 2150 409 2182 Nam
429 2150 600 2184 Henricus
619 2152 769 2187 Othonis
788 2153 948 2190 successor
969 2171 1036 2193 uon
1058 2173 1076 2195 a
1102 2161 1226 2209 septem
1252 2167 1474 2215 elesterffius,
1505 2177 1558 2212 sed
1577 2192 1594 2214 a
1613 2184 1712 2226 prin-

104 2193 236 2238 cipibus
254 2196 459 2231 Germaniae
479 2197 603 2233 elegius
624 2200 748 2237 dicitur
771 2216 788 2237 a
807 2205 978 2241 Nauclero
999 2215 1212 2254 generatione
1242 2229 1294 2261 34.
1315 2233 1404 2256 anno
1434 2237 1558 2265 1002„
1585 2242 1712 2267 extant-

104 2254 171 2286 que
189 2245 339 2289 exempla
363 2246 464 2292 plura
480 2247 710 2292 posteriorum
730 2254 976 2298 imperatorum
998 2259 1117 2295 eodem
1146 2264 1251 2300 modo
1276 2267 1473 2310 electorum.
1527 2279 1575 2312 Ita
1599 2284 1711 2318 conci-

103 2291 227 2330 liantur
243 2295 389 2333 invicem
406 2297 450 2338 ii,
478 2299 537 2343 qui
559 2298 676 2336 dicunt
697 2301 947 2390 ἰηίῒίειιτὲἰηὲιτὲ
964 2306 1150 2347 eieaorum
1175 2312 1301 2362 septem
1326 2318 1385 2356 sub
1406 2324 1542 2362 Othone
1564 2330 1625 2373 HJ.
1642 2330 1711 2369 fixe..

1315 711 1325 724 ‚
1353 700 1426 725 tum
1455 694 1553 728 etiam
1579 708 1617 730 ex
1634 709 1731 743 prae-

1236 1845 1243 1859 ,
1287 1822 1436 1861 arbitror
1457 1830 1630 1868 Othonem
1652 1838 1715 1873 ΙΠ.

1224 1881 1240 1903 e
1265 1871 1429 1919 Gregorii
1456 1881 1497 1914 V.
1515 1880 1716 1921 ευῖΐοῑίτεῑε

1169 1928 1246 1953 cum
1267 1923 1356 1957 enim
1378 1925 1404 1958 is
1427 1928 1614 1974 imperator
1631 1934 1715 1969 libe-

1154 1979 1230 2002 rum
1249 1971 1503 2013 multitudinem
1530 1983 1714 2023 orirentur,

1136 2013 1273 2061 sperans
1302 2020 1343 2055 ab
1369 2027 1529 2062 omnibus
1552 2033 1714 2079 principi-

1150 2066 1188 2100 id
1205 2080 1274 2102 non
1292 2068 1401 2107 statim
1421 2075 1601 2115 obtinuisse
1618 2085 1712 2128 prin-

1150 2115 1271 2157 tibus„
1287 2131 1319 2154 et
1339 2120 1407 2167 juri
1434 2124 1495 2160 suo
1515 2131 1628 2165 cedere
1655 2145 1712 2168 uo·

1576 2389 1644 2417 tam
1653 2407 1661 2423 ,
