1992 2739
314 168 359 218 qo
541 169 612 207 DE
638 166 915 212 ANTIQUA
940 166 1224 207 ECCLESIAE
1248 169 1589 210 DISCIPLINA

265 261 454 311 lyricianae,
483 259 682 300 orientales,
710 271 766 295 eae
782 258 859 295 sunt
885 259 1055 302 ecclesiae,
1083 272 1166 305 quae
1190 262 1224 295 in
1249 260 1316 296 istis
1343 261 1544 298 dioecesibus
1571 272 1665 297 erant
1691 260 1767 296 sitae
1789 274 1794 294 :
1823 263 1868 297 its

264 313 362 347 etiam
382 308 534 345 ecclesiae
551 309 803 345 suburbicariae
821 310 903 345 aliae
922 309 983 344 esse
999 322 1070 345 non
1084 309 1220 356 poffunt
1239 313 1278 346 ab
1298 312 1357 350 iis,
1385 325 1469 357 quae
1495 313 1685 358 provinciis
1712 310 1869 346 suburbi-

265 362 364 399 cariis
381 359 653 395 continebantur.
707 362 800 395 Tota
818 372 899 406 ergo
918 358 1067 405 quaestio
1086 359 1126 394 de
1143 360 1350 396 ecelesiarum
1371 359 1684 397 suburbicarinrum
1702 360 1870 396 limitibus

266 425 304 448 ex
321 412 580 458 provinciarum
598 408 908 445 suburbicariarum
926 410 1094 445 limitibus
1105 410 1238 456 pendet.
1280 412 1477 445 Provinciae
1486 422 1600 446 autern
1623 410 1873 445 suburbicariae

264 463 348 496 aliae
375 460 441 494 clici
460 471 533 494 non
553 458 714 505 possunt,
743 471 845 505 quam
863 460 956 500 illae,
985 472 1072 504 quae
1090 461 1176 494 circa
1195 462 1337 495 Romam
1356 461 1548 507 adjacebant
1568 474 1574 492 ε
1613 473 1697 504 quae
1716 460 1796 496 urbs
1822 461 1874 494 di-

265 514 352 547 citur
372 512 622 555 οἱπονομωςικῦς,
673 512 782 544 Docet
799 508 834 543 id
854 510 904 543 vel
926 507 1037 555 ipsum
1057 521 1199 547 nomen,
1227 511 1321 554 quod
1343 512 1498 555 regiones
1518 510 1557 545 ab
1579 510 1662 544 urbe
1681 521 1750 544 non
1769 509 1873 556 longe

263 560 389 609 positas
406 558 585 605 significat,
611 569 684 593 tum
702 560 801 594 etiam
821 560 1120 605 imperatoriarurn
1148 559 1262 605 legum
1290 559 1492 600 austeritas,
1521 562 1555 595 in
1585 559 1710 604 quibus
1735 562 1875 605 provin·

265 614 334 647 ciae
355 609 606 649 suburbicariae
624 607 836 655 adpellantur
855 621 925 650 eae,
955 621 1040 654 quae
1056 611 1141 644 circa
1159 612 1303 644 Romam
1321 610 1527 657 adjacebant.
1591 612 1634 644 Et
1660 609 1784 654 procul
1806 608 1874 644 dis-

263 661 332 698 fitis
350 658 391 694 ab
411 658 495 694 urbe
512 657 711 704 regionibus
731 684 739 699 ,
767 669 804 693 ut
820 655 975 701 Africae,
1003 659 1137 694 Galliae
1155 670 1186 693 et
1212 658 1402 705 Hispaniae
1431 671 1680 706 opponuntur,
1707 670 1744 693 ut
1769 659 1874 694 modo

265 708 529 745 demonstraturi
549 710 684 749 lunius,
713 719 872 754 patetque
890 709 943 744 vel
962 722 1000 744 ex
1015 721 1082 744 una
1100 709 1173 754 lege
1198 709 1324 743 codicis
1351 709 1604 750 'rheodofiani‚
1632 708 1691 743 lib.
1715 715 1746 748 8.
1766 710 1818 743 tit.
1841 719 1871 752 5.

264 761 286 796 l.
310 772 384 803 34„
411 758 473 794 ubi
494 758 651 793 statuitur
669 783 678 795 ,
706 770 744 793 ut
762 758 936 793 decretum
955 760 989 793 in
1007 759 1151 804 gratiam
1177 756 1313 793 Africae
1329 759 1585 805 proconsularis
1603 760 1707 793 iatum
1720 784 1728 798 ,
1757 758 1875 793 locum

263 812 364 845 etiam
390 808 508 843 habeat
523 808 557 843 in
573 809 762 855 provinciis
781 808 1032 843 suburbicariis,
1086 809 1182 843 Ferri
1199 810 1309 854 igitur
1336 811 1479 843 minime
1509 809 1620 856 potest
1638 807 1779 842 illorum
1805 808 1879 853 opi-

263 861 341 899 nio,
369 859 428 904 qui
456 860 713 904 provinciarum
737 857 1049 893 suburbicariarum
1076 859 1214 893 nomine
1231 882 1241 896 ,
1285 859 1338 893 vel
1362 859 1558 896 universum
1581 859 1789 906 imperium,
1825 856 1878 894 vel

263 908 379 945 saltem
404 907 617 944 occidentem
636 906 837 944 universum
855 907 1024 954 designari
1039 907 1170 943 volunt.

410 998 545 1031 Verum
562 995 721 1040 quamvis
739 993 1000 1030 controversum
1018 994 1081 1029 effe
1098 1006 1168 1029 non
1187 994 1416 1040 debeat‚quin
1431 997 1632 1042 provinciae
1651 996 1876 1042 suburcariae,

261 1044 354 1080 haud
374 1044 555 1091 proculab
574 1043 660 1078 urbe
675 1041 805 1078 fuerint
821 1042 966 1089 positae,
993 1054 1063 1077 non
1086 1045 1268 1077 mediocris
1290 1056 1400 1079 tamen
1421 1045 1465 1080 est
1491 1044 1670 1081 difficultas
1694 1048 1728 1081 in
1755 1059 1877 1085 eorum

260 1094 476 1139 adsignandis
491 1089 605 1127 exasse
627 1092 816 1133 limitibus,
845 1094 1046 1137 variantque
1068 1092 1124 1127 hic
1144 1092 1423 1139 peritiffimorum
1448 1097 1483 1129 in
1504 1094 1572 1129 istis
1598 1096 1700 1131 rebus
1718 1098 1877 1134 virorum

260 1145 546 1179 sententiae.Sunt
563 1143 654 1177 enim
665 1142 833 1182 nonnulli,
843 1144 905 1187 qui
923 1143 1122 1187 provincias
1142 1154 1261 1177 omnes
1281 1143 1527 1179 suburbicarias
1553 1147 1640 1180 intra
1658 1145 1876 1183 centesimum

261 1194 302 1229 ab
321 1193 405 1228 urbe
416 1190 693 1236 milliarepofitas
704 1189 803 1225 fuilse
813 1192 1026 1231 contendant,
1040 1204 1105 1235 qua
1114 1194 1149 1224 in
1167 1194 1336 1236 opinione
1351 1193 1492 1227 fuerunt
1509 1194 1574 1228 hoc
1586 1194 1716 1230 saeculo
1728 1197 1794 1230 viri
1804 1196 1875 1233 duo

261 1241 453 1277 eruditione
469 1237 936 1285 praestantes.Gothofredus
956 1250 990 1273 et
1006 1238 1193 1274 Salmafius.
1206 1239 1266 1273 Ille
1283 1241 1319 1274 in
1338 1240 1623 1278 dissertationibus
1640 1246 1821 1292 anonymis
1832 1246 1876 1280 de

262 1291 453 1337 provinciis
471 1287 714 1322 suburbicariis
724 1298 874 1332 quatuor
884 1298 1015 1323 tantum
1030 1290 1227 1332 provincias
1246 1288 1303 1323 seu
1315 1291 1484 1335 regiones,
1496 1291 1518 1324 fi
1537 1302 1651 1327 tamen
1664 1295 1709 1327 ita
1720 1295 1785 1327 dici
1796 1293 1873 1339 pos-

262 1342 339 1375 {unt
350 1366 357 1380 ,
369 1337 614 1374 suburbicarias
626 1333 731 1371 distas
751 1334 852 1372 fuisse
876 1348 1028 1372 autumat
1042 1335 1204 1372 Tusciam
1216 1337 1495 1381 suburbicariarn,
1507 1343 1669 1376 Picenum
1682 1341 1874 1379 suburbica-

266 1391 359 1425 rium
377 1414 386 1429 ‚
415 1387 551 1423 Latium
569 1397 681 1427 vetus,
708 1398 742 1421 et
763 1388 898 1422 Latium
918 1399 1058 1422 novum.
1110 1387 1206 1422 Alter
1225 1399 1307 1422 vero
1325 1389 1460 1422 Latium
1486 1401 1555 1423 non
1579 1389 1702 1426 dividit
1728 1393 1763 1426 in
1789 1392 1872 1429 duas

265 1440 442 1484 regiones,
471 1434 526 1471 sed
549 1447 704 1481 quartam
720 1437 936 1482 provinciam
952 1436 1046 1471 addit
1063 1436 1245 1471 Valeriam.
1298 1437 1367 1470 Alii
1393 1448 1473 1471 vero
1498 1440 1692 1483 provincias
1718 1439 1875 1478 suburbi-

261 1490 373 1523 *carias
391 1497 460 1522 tam
479 1481 581 1521 araas
596 1485 764 1521 limitibus
785 1486 877 1522 haud
895 1486 1104 1521 concludunt
1120 1499 1127 1518 z
1156 1483 1213 1520 sed
1233 1497 1286 1519 eas
1304 1497 1424 1521 omnes
1441 1489 1639 1532 provincias
1654 1487 1718 1524 esse
1740 1491 1873 1534 volunt,

268 1549 353 1587 quae
371 1536 500 1571 vicario
516 1535 614 1570 urbis
631 1536 817 1581 parebant3
844 1536 905 1571 hae
923 1538 958 1570 in
979 1537 1143 1582 opinione
1163 1534 1314 1570 versatur
1333 1533 1542 1573 doffiffimus
1570 1539 1792 1582 sirmondus,
1819 1553 1875 1582 cu->

266 1587 320 1635 jus
339 1584 536 1622 sententiam
553 1584 712 1631 plerique
732 1586 857 1621 eruditi
874 1585 1009 1630 sequuti
1038 1583 1126 1619 sunt.

415 1674 586 1710 Probatur
601 1684 712 1709 nutem
732 1673 789 1708 illa
806 1685 844 1708 ex
860 1674 963 1707 variis
980 1672 1133 1719 legIbus,
1150 1673 1186 1707 in
1204 1673 1328 1717 quibus
1348 1676 1528 1721 regionum
1550 1675 1872 1721 suburbicariarum.

265 1724 327 1761 seu
343 1723 591 1759 urbicariarum
608 1725 749 1759 nomine
765 1723 839 1758 illae
857 1734 975 1757 omnes
993 1722 1228 1769 designantur,
1258 1736 1342 1767 quae
1364 1727 1491 1761 vicario
1508 1727 1601 1762 urbis
1622 1729 1796 1773 parebant.
1817 1733 1871 1766 Sic

269 1776 303 1809 in
323 1775 438 1809 codice
455 1773 699 1810 Theodofiano
717 1772 772 1807 lib.
797 1784 808 1806 ι
821 1784 849 1806 1.
867 1774 916 1806 tit.
939 1784 952 1805 1
965 1777 996 1807 6.
1015 1784 1041 1806 c.
1064 1786 1094 1817 9.
1115 1772 1168 1807 his
1188 1771 1300 1807 verbis
1324 1774 1552 1821 designantur.
1604 1778 1686 1814 Non
1702 1782 1788 1814 enim
1804 1792 1871 1826 per

268 1825 404 1860 ltaliam
421 1832 553 1859 tantum
566 1849 575 1864 ‚
594 1824 658 1869 sed
676 1826 775 1858 etiam
787 1834 850 1869 per
866 1821 1056 1857 urbicarias
1072 1824 1227 1870 regiones
1238 1847 1246 1862 ,
1274 1832 1309 1857 et
1334 1824 1503 1863 Siciliam,
1528 1830 1821 1873 patrimoniolium
1836 1837 1870 1865 et

269 1874 588 1919 empliyteuricorum
598 1874 790 1920 fundorum
803 1874 896 1906 vires
905 1871 1096 1915 servandas
1113 1871 1171 1918 ff
1184 1873 1421 1918 perspeximus.
1450 1876 1522 1911 Ubi
1547 1875 1735 1912 urbicariae
1759 1880 1873 1925 regio·¹

270 1934 329 1957 nes
347 1921 529 1959 sumuntur
544 1934 614 1970 pro
632 1922 690 1958 illa
717 1921 833 1957 Italiae
858 1932 971 1966 parte,
1009 1933 1095 1965 quae
1121 1921 1282 1955 vicariatu
1310 1923 1424 1958 ltaliae
1454 1938 1524 1961 non
1550 1927 1869 1973 comprehenditur.

268 1975 365 2007 Nam
382 1972 498 2007 Italian
514 1974 657 2009 nomine
670 1971 728 2006 hic
745 1983 815 2006 non
833 1970 1039 2015 intelligitur
1056 1969 1210 2006 universa
1229 1971 1340 2012 Italia,
1367 1973 1421 2007 sed
1437 1976 1620 2011 vicariatus
1635 1976 1751 2012 Italiae
1762 2002 1771 2015 ,
1787 1991 1872 2025 pro-

270 2032 309 2056 ut
326 2019 547 2066 distinguitur
562 2033 581 2055 a
599 2022 762 2055 vicariatu
778 2019 873 2055 urbis
892 2022 1026 2056 Romae.
1080 2023 1120 2055 In
1138 2019 1255 2055 eodem
1273 2021 1389 2056 codice
1405 2022 1463 2059 lib.
1487 2038 1516 2068 9.
1538 2026 1590 2059 tit.
1613 2038 1667 2069 30.
1689 2039 1716 2062 c.
1740 2039 1770 2072 3.
1807 2030 1872 2064 Va-

272 2069 481 2105 lentinianus
498 2071 563 2110 ait,
589 2082 607 2103 a
625 2068 656 2104 se
673 2070 818 2104 vetitum
835 2067 950 2110 fuisse,
976 2082 1020 2104 ne
1045 2068 1137 2117 apud
1154 2069 1337 2105 urbicarias
1360 2074 1520 2118 regiones
1547 2078 1642 2119 equis
1666 2077 1716 2112 uti
1742 2077 1870 2114 liceret.

272 2121 340 2155 Lex
358 2128 485 2160 autem,
512 2131 579 2165 qua
600 2119 635 2153 id
663 2119 807 2154 vetitum
832 2115 959 2159 fuerat,
988 2130 1084 2155 extat.
1101 2130 1128 2154 c.
1151 2130 1180 2155 ι.
1200 2118 1349 2166 ejusdem
1368 2123 1476 2160 tituli,
1504 2125 1539 2158 in
1565 2138 1671 2170 eaque
1693 2125 1871 2162 nominan-

273 2180 330 2205 tur
349 2171 527 2210 Picenum,
554 2168 739 2209 Flaminia,
767 2180 826 2203 nec
846 2181 914 2203 non
936 2170 1036 2205 etiam
1062 2168 1205 2216 Apulia,
1232 2169 1403 2213 Calabria,
1432 2174 1560 2214 Brutii,
1588 2186 1621 2209 et
1639 2175 1805 2217 Lucania,
1825 2186 1873 2211 at·
1927 2213 1930 2218 ,

272 2231 341 2267 que
361 2219 550 2260 Samnium.
599 2220 666 2257 Eae
691 2219 800 2268 igitur
826 2217 919 2264 sunt,
946 2231 1033 2268 quae
1058 2219 1094 2256 in
1120 2217 1303 2267 posteriori
1325 2221 1399 2270 lege
1423 2223 1611 2261 urbicariae
1637 2224 1819 2312 dicunrlulr,
1845 2225 1872 2264 fi

1785 2286 1822 2311 a·
