<?xml version="1.0" encoding="UTF-8"?>
<!DOCTYPE html PUBLIC "-//W3C//DTD XHTML 1.0 Transitional//EN"
    "http://www.w3.org/TR/xhtml1/DTD/xhtml1-transitional.dtd">
<html xmlns="http://www.w3.org/1999/xhtml" xml:lang="en" lang="en">
 <head>
  <title>
</title>
<meta http-equiv="Content-Type" content="text/html;charset=utf-8" />
  <meta name='ocr-system' content='tesseract 3.04.00' />
  <meta name='ocr-capabilities' content='ocr_page ocr_carea ocr_par ocr_line ocrx_word'/>
</head>
<body>
  <div class='ocr_page' id='page_1' title='image "./deantiquaecclesi00dupiuoft_0282.png"; bbox 0 0 1982 2739; ppageno 0'>
   <div class='ocr_carea' id='block_1_1' title="bbox 301 212 1597 273">
    <p class='ocr_par' dir='ltr' id='par_1_1' title="bbox 301 212 1597 273">
     <span class='ocr_line' id='line_1_1' title="bbox 301 212 1597 273; baseline 0.003 -23"><span class='ocrx_word' id='word_1_1' title='bbox 301 219 374 259; x_wconf 72' lang='lat'>&#39;156</span> <span class='ocrx_word' id='word_1_2' title='bbox 525 215 598 251; x_wconf 66' lang='lat' dir='ltr'>{DE</span> <span class='ocrx_word' id='word_1_3' title='bbox 625 214 901 257; x_wconf 78' lang='lat' dir='ltr'>ANTIQUA</span> <span class='ocrx_word' id='word_1_4' title='bbox 926 212 1210 249; x_wconf 82' lang='lat' dir='ltr'>ECCLESIAE</span> <span class='ocrx_word' id='word_1_5' title='bbox 1259 214 1597 273; x_wconf 76' lang='lat' dir='ltr'>mschmNA</span> 
     </span>
    </p>
   </div>
   <div class='ocr_carea' id='block_1_2' title="bbox 253 302 1933 351">
    <p class='ocr_par' dir='ltr' id='par_1_2' title="bbox 253 302 1933 351">
     <span class='ocr_line' id='line_1_2' title="bbox 253 302 1933 351; baseline -0.001 -12"><span class='ocrx_word' id='word_1_6' title='bbox 253 304 312 339; x_wconf 73' lang='lat' dir='ltr'>dus</span> <span class='ocrx_word' id='word_1_7' title='bbox 329 303 484 350; x_wconf 78' lang='lat' dir='ltr'>apostolus</span> <span class='ocrx_word' id='word_1_8' title='bbox 498 305 600 338; x_wconf 82' lang='lat' dir='ltr'>Petro</span> <span class='ocrx_word' id='word_1_9' title='bbox 618 303 834 350; x_wconf 78' lang='lat' dir='ltr'>apostolorum</span> <span class='ocrx_word' id='word_1_10' title='bbox 847 305 957 351; x_wconf 64' lang='lat' dir='ltr'>primo</span> <span class='ocrx_word' id='word_1_11' title='bbox 978 304 1013 336; x_wconf 81' lang='lat' dir='ltr'>in</span> <span class='ocrx_word' id='word_1_12' title='bbox 1026 304 1228 349; x_wconf 77' lang='lat' dir='ltr'>principatu</span> <span class='ocrx_word' id='word_1_13' title='bbox 1240 305 1363 348; x_wconf 77' lang='lat' dir='ltr'>frater</span> <span class='ocrx_word' id='word_1_14' title='bbox 1379 303 1430 349; x_wconf 80' lang='lat' dir='ltr'>est.</span> <span class='ocrx_word' id='word_1_15' title='bbox 1489 305 1584 339; x_wconf 89' lang='lat' dir='ltr'>Hinc</span> <span class='ocrx_word' id='word_1_16' title='bbox 1601 307 1718 340; x_wconf 83' lang='lat' dir='ltr'>Petrus</span> <span class='ocrx_word' id='word_1_17' title='bbox 1737 302 1871 351; x_wconf 56' lang='lat' dir='ltr'>etJPau²</span> <span class='ocrx_word' id='word_1_18' title='bbox 1926 315 1933 322; x_wconf 56' lang='lat'>⁸</span> 
     </span>
    </p>
   </div>
   <div class='ocr_carea' id='block_1_3' title="bbox 255 351 1883 2273">
    <p class='ocr_par' dir='ltr' id='par_1_3' title="bbox 255 351 1883 2273">
     <span class='ocr_line' id='line_1_3' title="bbox 257 351 1874 400; baseline -0.001 -11"><span class='ocrx_word' id='word_1_19' title='bbox 257 355 316 389; x_wconf 80' lang='lat' dir='ltr'>-lus</span> <span class='ocrx_word' id='word_1_20' title='bbox 335 366 438 398; x_wconf 86' lang='lat' dir='ltr'>aeque</span> <span class='ocrx_word' id='word_1_21' title='bbox 453 354 614 387; x_wconf 85' lang='lat' dir='ltr'>dicuntur</span> <span class='ocrx_word' id='word_1_22' title='bbox 631 352 866 399; x_wconf 82' lang='lat' dir='ltr'>apostolorum</span> <span class='ocrx_word' id='word_1_23' title='bbox 888 352 1080 398; x_wconf 80' lang='lat' dir='ltr'>principes,</span> <span class='ocrx_word' id='word_1_24' title='bbox 1108 351 1341 398; x_wconf 85' lang='lat' dir='ltr'>apostolorum</span> <span class='ocrx_word' id='word_1_25' title='bbox 1354 353 1483 398; x_wconf 80' lang='lat' dir='ltr'>primi,</span> <span class='ocrx_word' id='word_1_26' title='bbox 1513 353 1633 388; x_wconf 89' lang='lat' dir='ltr'>summi</span> <span class='ocrx_word' id='word_1_27' title='bbox 1655 352 1809 400; x_wconf 85' lang='lat' dir='ltr'>apostoli,</span> <span class='ocrx_word' id='word_1_28' title='bbox 1832 352 1874 387; x_wconf 85' lang='lat' dir='ltr'>ad</span> 
     </span>
     <span class='ocr_line' id='line_1_4' title="bbox 257 399 1875 448; baseline -0.002 -9"><span class='ocrx_word' id='word_1_29' title='bbox 257 404 398 440; x_wconf 75' lang='lat' dir='ltr'>culmen</span> <span class='ocrx_word' id='word_1_30' title='bbox 426 414 458 437; x_wconf 88' lang='lat' dir='ltr'>et</span> <span class='ocrx_word' id='word_1_31' title='bbox 476 404 613 448; x_wconf 80' lang='lat' dir='ltr'>apicem</span> <span class='ocrx_word' id='word_1_32' title='bbox 639 401 871 448; x_wconf 84' lang='lat' dir='ltr'>apostolorum</span> <span class='ocrx_word' id='word_1_33' title='bbox 901 399 1061 436; x_wconf 72' lang='lat' dir='ltr'>subveffl.</span> <span class='ocrx_word' id='word_1_34' title='bbox 1113 401 1237 437; x_wconf 82' lang='lat' dir='ltr'>Paulus</span> <span class='ocrx_word' id='word_1_35' title='bbox 1266 414 1332 436; x_wconf 81' lang='lat' dir='ltr'>non</span> <span class='ocrx_word' id='word_1_36' title='bbox 1364 400 1453 436; x_wconf 84' lang='lat' dir='ltr'>secus</span> <span class='ocrx_word' id='word_1_37' title='bbox 1470 414 1506 436; x_wconf 86' lang='lat' dir='ltr'>ac</span> <span class='ocrx_word' id='word_1_38' title='bbox 1519 404 1639 438; x_wconf 80' lang='lat' dir='ltr'>Petrus</span> <span class='ocrx_word' id='word_1_39' title='bbox 1656 405 1760 438; x_wconf 82' lang='lat' dir='ltr'>totius</span> <span class='ocrx_word' id='word_1_40' title='bbox 1780 402 1875 437; x_wconf 83' lang='lat' dir='ltr'>orbis</span> 
     </span>
     <span class='ocr_line' id='line_1_5' title="bbox 256 449 1875 496; baseline -0.002 -7"><span class='ocrx_word' id='word_1_41' title='bbox 256 464 378 490; x_wconf 73' lang='lat' dir='ltr'>curam</span> <span class='ocrx_word' id='word_1_42' title='bbox 402 451 524 486; x_wconf 74' lang='lat' dir='ltr'>habere</span> <span class='ocrx_word' id='word_1_43' title='bbox 551 452 694 490; x_wconf 43' lang='lat' dir='ltr'>dicitu&amp;</span> <span class='ocrx_word' id='word_1_44' title='bbox 722 463 755 487; x_wconf 89' lang='lat' dir='ltr'>et</span> <span class='ocrx_word' id='word_1_45' title='bbox 768 454 930 487; x_wconf 62' lang='lat' dir='ltr'>&gt;omnium</span> <span class='ocrx_word' id='word_1_46' title='bbox 949 450 1042 486; x_wconf 88' lang='lat' dir='ltr'>orbis</span> <span class='ocrx_word' id='word_1_47' title='bbox 1065 450 1271 486; x_wconf 78' lang='lat' dir='ltr'>ecelefiarum</span> <span class='ocrx_word' id='word_1_48' title='bbox 1290 449 1420 496; x_wconf 80' lang='lat' dir='ltr'>pastor3</span> <span class='ocrx_word' id='word_1_49' title='bbox 1449 452 1531 495; x_wconf 86' lang='lat' dir='ltr'>quin</span> <span class='ocrx_word' id='word_1_50' title='bbox 1549 454 1649 486; x_wconf 88' lang='lat' dir='ltr'>etiam</span> <span class='ocrx_word' id='word_1_51' title='bbox 1667 452 1788 486; x_wconf 82' lang='lat' dir='ltr'>Paulus</span> <span class='ocrx_word' id='word_1_52' title='bbox 1807 453 1875 486; x_wconf 78' lang='lat' dir='ltr'>lae-</span> 
     </span>
     <span class='ocr_line' id='line_1_6' title="bbox 258 498 1875 551; baseline -0.002 -13"><span class='ocrx_word' id='word_1_53' title='bbox 258 517 307 551; x_wconf 80' lang='lat' dir='ltr'>-pe</span> <span class='ocrx_word' id='word_1_54' title='bbox 323 501 416 538; x_wconf 85' lang='lat' dir='ltr'>solus</span> <span class='ocrx_word' id='word_1_55' title='bbox 436 502 566 537; x_wconf 67' lang='lat' dir='ltr'>dicitur</span> <span class='ocrx_word' id='word_1_56' title='bbox 593 504 752 548; x_wconf 87' lang='lat' dir='ltr'>princeps</span> <span class='ocrx_word' id='word_1_57' title='bbox 771 500 1029 548; x_wconf 77' lang='lat' dir='ltr'>apostolorum,</span> <span class='ocrx_word' id='word_1_58' title='bbox 1053 512 1159 546; x_wconf 77' lang='lat' dir='ltr'>caput</span> <span class='ocrx_word' id='word_1_59' title='bbox 1178 498 1427 546; x_wconf 83' lang='lat' dir='ltr'>apostolorum,</span> <span class='ocrx_word' id='word_1_60' title='bbox 1456 503 1515 545; x_wconf 85' lang='lat' dir='ltr'>qui</span> <span class='ocrx_word' id='word_1_61' title='bbox 1532 504 1719 547; x_wconf 73' lang='lat' dir='ltr'>primatum</span> <span class='ocrx_word' id='word_1_62' title='bbox 1737 499 1875 546; x_wconf 85' lang='lat' dir='ltr'>aposto-</span> 
     </span>
     <span class='ocr_line' id='line_1_7' title="bbox 259 550 1872 598; baseline -0.003 -10"><span class='ocrx_word' id='word_1_63' title='bbox 259 554 348 590; x_wconf 71' lang='lat' dir='ltr'>&#39;latus</span> <span class='ocrx_word' id='word_1_64' title='bbox 375 553 460 586; x_wconf 83' lang='lat' dir='ltr'>inter</span> <span class='ocrx_word' id='word_1_65' title='bbox 489 563 603 598; x_wconf 85' lang='lat' dir='ltr'>gentes</span> <span class='ocrx_word' id='word_1_66' title='bbox 623 551 795 591; x_wconf 78' lang='lat' dir='ltr'>habuerit,</span> <span class='ocrx_word' id='word_1_67' title='bbox 822 550 1111 596; x_wconf 80' lang='lat' dir='ltr'>quemadmodum</span> <span class='ocrx_word' id='word_1_68' title='bbox 1130 553 1247 584; x_wconf 89' lang='lat' dir='ltr'>Petrus</span> <span class='ocrx_word' id='word_1_69' title='bbox 1266 552 1354 584; x_wconf 81' lang='lat' dir='ltr'>inter</span> <span class='ocrx_word' id='word_1_70' title='bbox 1370 550 1528 597; x_wconf 65' lang='lat' dir='ltr'>judaeos.</span> <span class='ocrx_word' id='word_1_71' title='bbox 1584 552 1678 585; x_wconf 66' lang='lat' dir='ltr'>Hinc</span> <span class='ocrx_word' id='word_1_72' title='bbox 1695 551 1729 584; x_wconf 90' lang='lat' dir='ltr'>in</span> <span class='ocrx_word' id='word_1_73' title='bbox 1748 551 1872 595; x_wconf 73' lang='lat' dir='ltr'>imagi-</span> 
     </span>
     <span class='ocr_line' id='line_1_8' title="bbox 259 596 1872 648; baseline -0.004 -9"><span class='ocrx_word' id='word_1_74' title='bbox 259 603 366 639; x_wconf 72' lang='lat' dir='ltr'>nibus</span> <span class='ocrx_word' id='word_1_75' title='bbox 388 603 507 648; x_wconf 74' lang='lat' dir='ltr'>Petrus</span> <span class='ocrx_word' id='word_1_76' title='bbox 531 612 561 635; x_wconf 90' lang='lat' dir='ltr'>et</span> <span class='ocrx_word' id='word_1_77' title='bbox 584 601 707 635; x_wconf 78' lang='lat' dir='ltr'>Paulus</span> <span class='ocrx_word' id='word_1_78' title='bbox 730 601 821 636; x_wconf 83' lang='lat' dir='ltr'>velut</span> <span class='ocrx_word' id='word_1_79' title='bbox 848 599 1001 644; x_wconf 79' lang='lat' dir='ltr'>aequales</span> <span class='ocrx_word' id='word_1_80' title='bbox 1018 596 1161 646; x_wconf 79' lang='lat' dir='ltr'>&#39;depingi</span> <span class='ocrx_word' id='word_1_81' title='bbox 1180 598 1303 639; x_wconf 82' lang='lat' dir='ltr'>solent,</span> <span class='ocrx_word' id='word_1_82' title='bbox 1333 601 1404 634; x_wconf 85' lang='lat' dir='ltr'>imo</span> <span class='ocrx_word' id='word_1_83' title='bbox 1422 612 1671 645; x_wconf 86' lang='lat' dir='ltr'>nonnunquam</span> <span class='ocrx_word' id='word_1_84' title='bbox 1690 599 1810 633; x_wconf 88' lang='lat' dir='ltr'>Paulus</span> <span class='ocrx_word' id='word_1_85' title='bbox 1828 597 1872 633; x_wconf 85' lang='lat' dir='ltr'>ad</span> 
     </span>
     <span class='ocr_line' id='line_1_9' title="bbox 257 647 1873 696; baseline -0.004 -8"><span class='ocrx_word' id='word_1_86' title='bbox 257 654 448 690; x_wconf 72' lang='lat' dir='ltr'>dexteram,</span> <span class='ocrx_word' id='word_1_87' title='bbox 485 653 603 685; x_wconf 87' lang='lat' dir='ltr'>Petrus</span> <span class='ocrx_word' id='word_1_88' title='bbox 628 649 670 684; x_wconf 83' lang='lat' dir='ltr'>ad</span> <span class='ocrx_word' id='word_1_89' title='bbox 696 648 863 684; x_wconf 80' lang='lat' dir='ltr'>finistram</span> <span class='ocrx_word' id='word_1_90' title='bbox 890 650 1043 695; x_wconf 80' lang='lat' dir='ltr'>ponitur.</span> <span class='ocrx_word' id='word_1_91' title='bbox 1097 651 1164 683; x_wconf 89' lang='lat' dir='ltr'>His</span> <span class='ocrx_word' id='word_1_92' title='bbox 1189 661 1219 683; x_wconf 88' lang='lat' dir='ltr'>et</span> <span class='ocrx_word' id='word_1_93' title='bbox 1246 649 1318 683; x_wconf 88' lang='lat' dir='ltr'>aliis</span> <span class='ocrx_word' id='word_1_94' title='bbox 1349 651 1558 694; x_wconf 75' lang='lat' dir='ltr'>argumentis</span> <span class='ocrx_word' id='word_1_95' title='bbox 1575 662 1612 684; x_wconf 83' lang='lat' dir='ltr'>ex</span> <span class='ocrx_word' id='word_1_96' title='bbox 1631 648 1785 696; x_wconf 82' lang='lat' dir='ltr'>patribus</span> <span class='ocrx_word' id='word_1_97' title='bbox 1805 647 1873 682; x_wconf 79' lang='lat' dir='ltr'>eol·</span> 
     </span>
     <span class='ocr_line' id='line_1_10' title="bbox 258 697 1826 746; baseline -0.003 -10"><span class='ocrx_word' id='word_1_98' title='bbox 258 701 358 738; x_wconf 67' lang='lat' dir='ltr'>leffis</span> <span class='ocrx_word' id='word_1_99' title='bbox 378 702 512 735; x_wconf 86' lang='lat' dir='ltr'>vincere</span> <span class='ocrx_word' id='word_1_100' title='bbox 529 710 695 735; x_wconf 76' lang='lat' dir='ltr'>conantur</span> <span class='ocrx_word' id='word_1_101' title='bbox 713 699 779 745; x_wconf 76' lang='lat' dir='ltr'>illi,</span> <span class='ocrx_word' id='word_1_102' title='bbox 807 701 944 733; x_wconf 78' lang='lat' dir='ltr'>Petrum</span> <span class='ocrx_word' id='word_1_103' title='bbox 965 709 996 732; x_wconf 88' lang='lat' dir='ltr'>et</span> <span class='ocrx_word' id='word_1_104' title='bbox 1016 697 1158 733; x_wconf 78' lang='lat' dir='ltr'>Paulum</span> <span class='ocrx_word' id='word_1_105' title='bbox 1177 697 1238 733; x_wconf 79' lang='lat' dir='ltr'>else</span> <span class='ocrx_word' id='word_1_106' title='bbox 1257 698 1429 733; x_wconf 82' lang='lat' dir='ltr'>individui</span> <span class='ocrx_word' id='word_1_107' title='bbox 1448 699 1612 745; x_wconf 85' lang='lat' dir='ltr'>primatus</span> <span class='ocrx_word' id='word_1_108' title='bbox 1632 699 1826 746; x_wconf 78' lang='lat' dir='ltr'>participes.</span> 
     </span>
     <span class='ocr_line' id='line_1_11' title="bbox 370 745 1876 794; baseline -0.002 -10"><span class='ocrx_word' id='word_1_109' title='bbox 370 750 432 786; x_wconf 88' lang='lat' dir='ltr'>Sed</span> <span class='ocrx_word' id='word_1_110' title='bbox 448 750 517 787; x_wconf 69' lang='lat' dir='ltr'>his,</span> <span class='ocrx_word' id='word_1_111' title='bbox 541 761 626 794; x_wconf 84' lang='lat' dir='ltr'>quae</span> <span class='ocrx_word' id='word_1_112' title='bbox 645 748 711 783; x_wconf 90' lang='lat' dir='ltr'>huc</span> <span class='ocrx_word' id='word_1_113' title='bbox 729 747 834 793; x_wconf 88' lang='lat' dir='ltr'>usque</span> <span class='ocrx_word' id='word_1_114' title='bbox 855 746 1082 793; x_wconf 78' lang='lat' dir='ltr'>exposuimus,</span> <span class='ocrx_word' id='word_1_115' title='bbox 1104 745 1302 794; x_wconf 77' lang='lat' dir='ltr'>suppositis,</span> <span class='ocrx_word' id='word_1_116' title='bbox 1330 748 1426 783; x_wconf 88' lang='lat' dir='ltr'>nullo</span> <span class='ocrx_word' id='word_1_117' title='bbox 1446 750 1584 794; x_wconf 86' lang='lat' dir='ltr'>negotio</span> <span class='ocrx_word' id='word_1_118' title='bbox 1604 749 1643 783; x_wconf 83' lang='lat' dir='ltr'>ad</span> <span class='ocrx_word' id='word_1_119' title='bbox 1663 749 1740 782; x_wconf 80' lang='lat' dir='ltr'>haec</span> <span class='ocrx_word' id='word_1_120' title='bbox 1758 747 1876 782; x_wconf 69' lang='lat' dir='ltr'>omnia</span> 
     </span>
     <span class='ocr_line' id='line_1_12' title="bbox 263 796 1875 848; baseline -0.004 -12"><span class='ocrx_word' id='word_1_121' title='bbox 263 799 512 848; x_wconf 75' lang='lat' dir='ltr'>respondet-ur,</span> <span class='ocrx_word' id='word_1_122' title='bbox 540 802 676 834; x_wconf 85' lang='lat' dir='ltr'>Petrum</span> <span class='ocrx_word' id='word_1_123' title='bbox 706 809 738 832; x_wconf 85' lang='lat' dir='ltr'>et</span> <span class='ocrx_word' id='word_1_124' title='bbox 763 796 903 831; x_wconf 76' lang='lat' dir='ltr'>Paulum</span> <span class='ocrx_word' id='word_1_125' title='bbox 920 798 955 830; x_wconf 87' lang='lat' dir='ltr'>in</span> <span class='ocrx_word' id='word_1_126' title='bbox 976 796 1185 842; x_wconf 79' lang='lat' dir='ltr'>apostolatu,</span> <span class='ocrx_word' id='word_1_127' title='bbox 1214 799 1247 830; x_wconf 79' lang='lat' dir='ltr'>in</span> <span class='ocrx_word' id='word_1_128' title='bbox 1266 797 1446 843; x_wconf 79' lang='lat' dir='ltr'>potestate,</span> <span class='ocrx_word' id='word_1_129' title='bbox 1473 799 1506 831; x_wconf 88' lang='lat' dir='ltr'>in</span> <span class='ocrx_word' id='word_1_130' title='bbox 1523 800 1704 832; x_wconf 84' lang='lat' dir='ltr'>autoritate</span> <span class='ocrx_word' id='word_1_131' title='bbox 1723 796 1875 841; x_wconf 67' lang='lat' dir='ltr'>aequales</span> 
     </span>
     <span class='ocr_line' id='line_1_13' title="bbox 260 847 1874 895; baseline -0.004 -10"><span class='ocrx_word' id='word_1_132' title='bbox 260 850 378 888; x_wconf 52' lang='lat' dir='ltr'>fauste,</span> <span class='ocrx_word' id='word_1_133' title='bbox 406 850 441 883; x_wconf 87' lang='lat' dir='ltr'>in</span> <span class='ocrx_word' id='word_1_134' title='bbox 466 850 616 895; x_wconf 83' lang='lat' dir='ltr'>primatu</span> <span class='ocrx_word' id='word_1_135' title='bbox 640 858 712 881; x_wconf 78' lang='lat' dir='ltr'>non</span> <span class='ocrx_word' id='word_1_136' title='bbox 737 847 829 880; x_wconf 85' lang='lat' dir='ltr'>item.</span> <span class='ocrx_word' id='word_1_137' title='bbox 884 848 961 880; x_wconf 71' lang='lat' dir='ltr'>xmo</span> <span class='ocrx_word' id='word_1_138' title='bbox 985 847 1083 880; x_wconf 87' lang='lat' dir='ltr'>etiam</span> <span class='ocrx_word' id='word_1_139' title='bbox 1102 856 1240 891; x_wconf 81' lang='lat' dir='ltr'>praeter</span> <span class='ocrx_word' id='word_1_140' title='bbox 1268 847 1351 881; x_wconf 84' lang='lat' dir='ltr'>hanc</span> <span class='ocrx_word' id='word_1_141' title='bbox 1367 847 1620 890; x_wconf 81' lang='lat' dir='ltr'>aequalitatem,</span> <span class='ocrx_word' id='word_1_142' title='bbox 1653 858 1754 891; x_wconf 78' lang='lat' dir='ltr'>quam</span> <span class='ocrx_word' id='word_1_143' title='bbox 1774 848 1874 880; x_wconf 84' lang='lat' dir='ltr'>etiam</span> 
     </span>
     <span class='ocr_line' id='line_1_14' title="bbox 263 893 1876 943; baseline -0.004 -7"><span class='ocrx_word' id='word_1_144' title='bbox 263 901 385 937; x_wconf 68' lang='lat' dir='ltr'>caeteri</span> <span class='ocrx_word' id='word_1_145' title='bbox 408 896 552 943; x_wconf 81' lang='lat' dir='ltr'>apostoli</span> <span class='ocrx_word' id='word_1_146' title='bbox 576 897 791 935; x_wconf 83' lang='lat' dir='ltr'>habuerunt,</span> <span class='ocrx_word' id='word_1_147' title='bbox 826 893 1013 940; x_wconf 80' lang='lat' dir='ltr'>specialiter</span> <span class='ocrx_word' id='word_1_148' title='bbox 1039 895 1162 929; x_wconf 82' lang='lat' dir='ltr'>Paulus</span> <span class='ocrx_word' id='word_1_149' title='bbox 1189 895 1335 939; x_wconf 84' lang='lat' dir='ltr'>aequalis</span> <span class='ocrx_word' id='word_1_150' title='bbox 1366 898 1466 930; x_wconf 87' lang='lat' dir='ltr'>Petro</span> <span class='ocrx_word' id='word_1_151' title='bbox 1494 895 1561 929; x_wconf 88' lang='lat' dir='ltr'>dici</span> <span class='ocrx_word' id='word_1_152' title='bbox 1585 894 1712 941; x_wconf 70' lang='lat' dir='ltr'>potest:</span> <span class='ocrx_word' id='word_1_153' title='bbox 1748 896 1876 940; x_wconf 78' lang='lat' dir='ltr'>primo,</span> 
     </span>
     <span class='ocr_line' id='line_1_15' title="bbox 262 941 1873 996; baseline -0.004 -12"><span class='ocrx_word' id='word_1_154' title='bbox 262 949 357 996; x_wconf 76' lang='lat' dir='ltr'>quod</span> <span class='ocrx_word' id='word_1_155' title='bbox 381 947 463 982; x_wconf 84' lang='lat' dir='ltr'>ficut</span> <span class='ocrx_word' id='word_1_156' title='bbox 489 945 548 981; x_wconf 79' lang='lat' dir='ltr'>iste</span> <span class='ocrx_word' id='word_1_157' title='bbox 576 945 803 993; x_wconf 68' lang='lat' dir='ltr'>judaeorum,</span> <span class='ocrx_word' id='word_1_158' title='bbox 831 946 878 978; x_wconf 88' lang='lat' dir='ltr'>ita</span> <span class='ocrx_word' id='word_1_159' title='bbox 903 942 957 977; x_wconf 86' lang='lat' dir='ltr'>ille</span> <span class='ocrx_word' id='word_1_160' title='bbox 979 943 1160 988; x_wconf 83' lang='lat' dir='ltr'>gentilium</span> <span class='ocrx_word' id='word_1_161' title='bbox 1186 941 1253 978; x_wconf 90' lang='lat' dir='ltr'>fuit</span> <span class='ocrx_word' id='word_1_162' title='bbox 1278 944 1458 990; x_wconf 81' lang='lat' dir='ltr'>apostolus.</span> <span class='ocrx_word' id='word_1_163' title='bbox 1510 945 1678 983; x_wconf 85' lang='lat' dir='ltr'>Secundo,</span> <span class='ocrx_word' id='word_1_164' title='bbox 1705 945 1797 989; x_wconf 88' lang='lat' dir='ltr'>quod</span> <span class='ocrx_word' id='word_1_165' title='bbox 1817 944 1873 979; x_wconf 79' lang='lat' dir='ltr'>ine</span> 
     </span>
     <span class='ocr_line' id='line_1_16' title="bbox 262 992 1878 1040; baseline -0.004 -6"><span class='ocrx_word' id='word_1_166' title='bbox 262 1012 334 1035; x_wconf 78' lang='lat' dir='ltr'>non</span> <span class='ocrx_word' id='word_1_167' title='bbox 357 997 450 1031; x_wconf 84' lang='lat' dir='ltr'>secus</span> <span class='ocrx_word' id='word_1_168' title='bbox 471 1008 506 1030; x_wconf 87' lang='lat' dir='ltr'>ae</span> <span class='ocrx_word' id='word_1_169' title='bbox 534 992 592 1029; x_wconf 79' lang='lat' dir='ltr'>iste</span> <span class='ocrx_word' id='word_1_170' title='bbox 616 993 806 1040; x_wconf 71' lang='lat' dir='ltr'>plurimum</span> <span class='ocrx_word' id='word_1_171' title='bbox 833 992 1039 1027; x_wconf 81' lang='lat' dir='ltr'>laboraverit</span> <span class='ocrx_word' id='word_1_172' title='bbox 1056 992 1097 1028; x_wconf 84' lang='lat' dir='ltr'>ad</span> <span class='ocrx_word' id='word_1_173' title='bbox 1116 993 1388 1028; x_wconf 85' lang='lat' dir='ltr'>annuntiandum</span> <span class='ocrx_word' id='word_1_174' title='bbox 1407 994 1641 1040; x_wconf 80' lang='lat' dir='ltr'>evangelium,</span> <span class='ocrx_word' id='word_1_175' title='bbox 1668 1007 1703 1029; x_wconf 86' lang='lat' dir='ltr'>ac</span> <span class='ocrx_word' id='word_1_176' title='bbox 1722 995 1878 1028; x_wconf 80' lang='lat' dir='ltr'>innume-</span> 
     </span>
     <span class='ocr_line' id='line_1_17' title="bbox 261 1038 1875 1092; baseline -0.003 -10"><span class='ocrx_word' id='word_1_177' title='bbox 261 1061 317 1085; x_wconf 78' lang='lat' dir='ltr'>ras</span> <span class='ocrx_word' id='word_1_178' title='bbox 345 1057 462 1092; x_wconf 82' lang='lat' dir='ltr'>gentes</span> <span class='ocrx_word' id='word_1_179' title='bbox 489 1044 626 1084; x_wconf 86' lang='lat' dir='ltr'>adierit,</span> <span class='ocrx_word' id='word_1_180' title='bbox 653 1053 686 1077; x_wconf 87' lang='lat' dir='ltr'>et</span> <span class='ocrx_word' id='word_1_181' title='bbox 707 1043 755 1077; x_wconf 78' lang='lat' dir='ltr'>ad</span> <span class='ocrx_word' id='word_1_182' title='bbox 780 1040 883 1077; x_wconf 84' lang='lat' dir='ltr'>fidem</span> <span class='ocrx_word' id='word_1_183' title='bbox 910 1043 1125 1078; x_wconf 85' lang='lat' dir='ltr'>converterit.</span> <span class='ocrx_word' id='word_1_184' title='bbox 1177 1043 1317 1083; x_wconf 87' lang='lat' dir='ltr'>Tertio,</span> <span class='ocrx_word' id='word_1_185' title='bbox 1347 1043 1441 1088; x_wconf 91' lang='lat' dir='ltr'>quod</span> <span class='ocrx_word' id='word_1_186' title='bbox 1459 1038 1604 1089; x_wconf 82' lang='lat' dir='ltr'>uterque</span> <span class='ocrx_word' id='word_1_187' title='bbox 1619 1046 1805 1079; x_wconf 83' lang='lat' dir='ltr'>Romanam</span> <span class='ocrx_word' id='word_1_188' title='bbox 1825 1055 1875 1077; x_wconf 87' lang='lat' dir='ltr'>ec-</span> 
     </span>
     <span class='ocr_line' id='line_1_18' title="bbox 263 1091 1878 1140; baseline -0.004 -7"><span class='ocrx_word' id='word_1_189' title='bbox 263 1096 393 1134; x_wconf 81' lang='lat' dir='ltr'>clefiam</span> <span class='ocrx_word' id='word_1_190' title='bbox 417 1093 591 1134; x_wconf 85' lang='lat' dir='ltr'>fundarit,</span> <span class='ocrx_word' id='word_1_191' title='bbox 619 1103 652 1127; x_wconf 90' lang='lat' dir='ltr'>et</span> <span class='ocrx_word' id='word_1_192' title='bbox 677 1092 726 1126; x_wconf 86' lang='lat' dir='ltr'>ibi</span> <span class='ocrx_word' id='word_1_193' title='bbox 749 1092 916 1140; x_wconf 86' lang='lat' dir='ltr'>martyrio</span> <span class='ocrx_word' id='word_1_194' title='bbox 941 1093 1043 1126; x_wconf 82' lang='lat' dir='ltr'>vitam</span> <span class='ocrx_word' id='word_1_195' title='bbox 1070 1091 1213 1127; x_wconf 80' lang='lat' dir='ltr'>finierit:</span> <span class='ocrx_word' id='word_1_196' title='bbox 1241 1104 1276 1126; x_wconf 80' lang='lat' dir='ltr'>at</span> <span class='ocrx_word' id='word_1_197' title='bbox 1303 1091 1355 1127; x_wconf 86' lang='lat' dir='ltr'>his</span> <span class='ocrx_word' id='word_1_198' title='bbox 1379 1105 1454 1128; x_wconf 84' lang='lat' dir='ltr'>-non</span> <span class='ocrx_word' id='word_1_199' title='bbox 1475 1091 1686 1128; x_wconf 74' lang='lat' dir='ltr'>obstantibus</span> <span class='ocrx_word' id='word_1_200' title='bbox 1708 1096 1823 1128; x_wconf 73' lang='lat' dir='ltr'>Petrus</span> <span class='ocrx_word' id='word_1_201' title='bbox 1841 1093 1878 1126; x_wconf 85' lang='lat' dir='ltr'>in</span> 
     </span>
     <span class='ocr_line' id='line_1_19' title="bbox 260 1140 1879 1194; baseline -0.004 -12"><span class='ocrx_word' id='word_1_202' title='bbox 260 1147 414 1194; x_wconf 79' lang='lat' dir='ltr'>primatu</span> <span class='ocrx_word' id='word_1_203' title='bbox 431 1143 535 1180; x_wconf 77' lang='lat' dir='ltr'>Paulo</span> <span class='ocrx_word' id='word_1_204' title='bbox 547 1141 620 1178; x_wconf 68' lang='lat' dir='ltr'>aefuit</span> <span class='ocrx_word' id='word_1_205' title='bbox 635 1140 812 1188; x_wconf 82' lang='lat' dir='ltr'>superior:</span> <span class='ocrx_word' id='word_1_206' title='bbox 840 1152 941 1186; x_wconf 87' lang='lat' dir='ltr'>atque</span> <span class='ocrx_word' id='word_1_207' title='bbox 955 1140 1111 1187; x_wconf 80' lang='lat' dir='ltr'>-idipsum</span> <span class='ocrx_word' id='word_1_208' title='bbox 1138 1141 1263 1177; x_wconf 82' lang='lat' dir='ltr'>constat</span> <span class='ocrx_word' id='word_1_209' title='bbox 1283 1154 1321 1176; x_wconf 84' lang='lat' dir='ltr'>ex</span> <span class='ocrx_word' id='word_1_210' title='bbox 1334 1141 1536 1177; x_wconf 80' lang='lat' dir='ltr'>testimoniis</span> <span class='ocrx_word' id='word_1_211' title='bbox 1557 1143 1674 1178; x_wconf 77' lang='lat' dir='ltr'>allatis.</span> <span class='ocrx_word' id='word_1_212' title='bbox 1727 1141 1879 1177; x_wconf 87' lang='lat' dir='ltr'>Ambro-</span> 
     </span>
     <span class='ocr_line' id='line_1_20' title="bbox 260 1189 1876 1238; baseline -0.005 -6"><span class='ocrx_word' id='word_1_213' title='bbox 260 1197 330 1233; x_wconf 70' lang='lat' dir='ltr'>fius</span> <span class='ocrx_word' id='word_1_214' title='bbox 357 1196 402 1230; x_wconf 84' lang='lat' dir='ltr'>ait</span> <span class='ocrx_word' id='word_1_215' title='bbox 432 1194 575 1229; x_wconf 81' lang='lat' dir='ltr'>Paulum</span> <span class='ocrx_word' id='word_1_216' title='bbox 599 1203 677 1228; x_wconf 84' lang='lat' dir='ltr'>cum</span> <span class='ocrx_word' id='word_1_217' title='bbox 698 1191 814 1238; x_wconf 85' lang='lat' dir='ltr'>primo</span> <span class='ocrx_word' id='word_1_218' title='bbox 834 1189 1100 1232; x_wconf 82' lang='lat' dir='ltr'>conferendum,</span> <span class='ocrx_word' id='word_1_219' title='bbox 1131 1202 1162 1225; x_wconf 89' lang='lat' dir='ltr'>et</span> <span class='ocrx_word' id='word_1_220' title='bbox 1180 1191 1264 1226; x_wconf 88' lang='lat' dir='ltr'>nulli</span> <span class='ocrx_word' id='word_1_221' title='bbox 1280 1194 1427 1238; x_wconf 88' lang='lat' dir='ltr'>proprie</span> <span class='ocrx_word' id='word_1_222' title='bbox 1446 1191 1650 1231; x_wconf 80' lang='lat' dir='ltr'>secundum,</span> <span class='ocrx_word' id='word_1_223' title='bbox 1677 1191 1876 1238; x_wconf 81' lang='lat' dir='ltr'>supponens</span> 
     </span>
     <span class='ocr_line' id='line_1_21' title="bbox 263 1237 1878 1287; baseline -0.004 -6"><span class='ocrx_word' id='word_1_224' title='bbox 263 1246 388 1282; x_wconf 74' lang='lat' dir='ltr'>scilicet</span> <span class='ocrx_word' id='word_1_225' title='bbox 417 1246 558 1278; x_wconf 85' lang='lat' dir='ltr'>Petrum</span> <span class='ocrx_word' id='word_1_226' title='bbox 588 1242 679 1277; x_wconf 74' lang='lat' dir='ltr'>iuter</span> <span class='ocrx_word' id='word_1_227' title='bbox 705 1240 878 1287; x_wconf 80' lang='lat' dir='ltr'>apostolos</span> <span class='ocrx_word' id='word_1_228' title='bbox 899 1240 1056 1286; x_wconf 83' lang='lat' dir='ltr'>primum</span> <span class='ocrx_word' id='word_1_229' title='bbox 1085 1238 1205 1282; x_wconf 74' lang='lat' dir='ltr'>fuiffe,</span> <span class='ocrx_word' id='word_1_230' title='bbox 1241 1252 1319 1276; x_wconf 80' lang='lat' dir='ltr'>eum</span> <span class='ocrx_word' id='word_1_231' title='bbox 1343 1254 1415 1286; x_wconf 79' lang='lat' dir='ltr'>quo</span> <span class='ocrx_word' id='word_1_232' title='bbox 1439 1253 1553 1276; x_wconf 84' lang='lat' dir='ltr'>tame-n</span> <span class='ocrx_word' id='word_1_233' title='bbox 1577 1241 1699 1277; x_wconf 81' lang='lat' dir='ltr'>Paulus</span> <span class='ocrx_word' id='word_1_234' title='bbox 1724 1237 1878 1275; x_wconf 78' lang='lat' dir='ltr'>conferri</span> 
     </span>
     <span class='ocr_line' id='line_1_22' title="bbox 291 1293 380 1331; baseline -0.022 0"><span class='ocrx_word' id='word_1_235' title='bbox 291 1293 380 1331; x_wconf 81' lang='lat' dir='ltr'>offet.</span> 
     </span>
     <span class='ocr_line' id='line_1_23' title="bbox 259 1308 1878 1378; baseline -0.001 -2"><span class='ocrx_word' id='word_1_236' title='bbox 259 1308 288 1343; x_wconf 71' lang='lat' dir='ltr'>P</span> <span class='ocrx_word' id='word_1_237' title='bbox 356 1338 501 1377; x_wconf 55' lang='lat' dir='ltr'>Sanetus</span> <span class='ocrx_word' id='word_1_238' title='bbox 518 1341 592 1374; x_wconf 83' lang='lat' dir='ltr'>Leo</span> <span class='ocrx_word' id='word_1_239' title='bbox 607 1338 779 1374; x_wconf 81' lang='lat' dir='ltr'>honorem</span> <span class='ocrx_word' id='word_1_240' title='bbox 798 1349 905 1372; x_wconf 89' lang='lat' dir='ltr'>unum</span> <span class='ocrx_word' id='word_1_241' title='bbox 922 1335 985 1373; x_wconf 81' lang='lat' dir='ltr'>effe</span> <span class='ocrx_word' id='word_1_242' title='bbox 1004 1338 1049 1373; x_wconf 84' lang='lat' dir='ltr'>ait</span> <span class='ocrx_word' id='word_1_243' title='bbox 1067 1338 1158 1372; x_wconf 85' lang='lat' dir='ltr'>Petri</span> <span class='ocrx_word' id='word_1_244' title='bbox 1175 1349 1211 1372; x_wconf 87' lang='lat' dir='ltr'>ac</span> <span class='ocrx_word' id='word_1_245' title='bbox 1231 1337 1339 1378; x_wconf 89' lang='lat' dir='ltr'>Pauli,</span> <span class='ocrx_word' id='word_1_246' title='bbox 1373 1337 1418 1372; x_wconf 92' lang='lat' dir='ltr'>ob</span> <span class='ocrx_word' id='word_1_247' title='bbox 1436 1335 1673 1373; x_wconf 85' lang='lat' dir='ltr'>fundationem</span> <span class='ocrx_word' id='word_1_248' title='bbox 1691 1336 1812 1374; x_wconf 77' lang='lat' dir='ltr'>scilicet</span> <span class='ocrx_word' id='word_1_249' title='bbox 1824 1344 1878 1373; x_wconf 65' lang='lat' dir='ltr'>eci</span> 
     </span>
     <span class='ocr_line' id='line_1_24' title="bbox 262 1385 1878 1434; baseline -0.003 -6"><span class='ocrx_word' id='word_1_250' title='bbox 262 1390 375 1429; x_wconf 80' lang='lat' dir='ltr'>cleliae</span> <span class='ocrx_word' id='word_1_251' title='bbox 393 1393 574 1430; x_wconf 85' lang='lat' dir='ltr'>Romanae,</span> <span class='ocrx_word' id='word_1_252' title='bbox 599 1399 632 1424; x_wconf 80' lang='lat' dir='ltr'>et</span> <span class='ocrx_word' id='word_1_253' title='bbox 648 1387 852 1434; x_wconf 86' lang='lat' dir='ltr'>martyrium</span> <span class='ocrx_word' id='word_1_254' title='bbox 873 1387 999 1422; x_wconf 89' lang='lat' dir='ltr'>ibidem</span> <span class='ocrx_word' id='word_1_255' title='bbox 1018 1385 1223 1433; x_wconf 74' lang='lat' dir='ltr'>perpessum,</span> <span class='ocrx_word' id='word_1_256' title='bbox 1279 1388 1371 1421; x_wconf 86' lang='lat' dir='ltr'>Hinc</span> <span class='ocrx_word' id='word_1_257' title='bbox 1390 1387 1517 1433; x_wconf 78' lang='lat' dir='ltr'>gloriae</span> <span class='ocrx_word' id='word_1_258' title='bbox 1534 1386 1687 1434; x_wconf 86' lang='lat' dir='ltr'>ejusdem</span> <span class='ocrx_word' id='word_1_259' title='bbox 1706 1389 1878 1423; x_wconf 71' lang='lat' dir='ltr'>contortes</span> 
     </span>
     <span class='ocr_line' id='line_1_25' title="bbox 262 1434 1876 1487; baseline -0.002 -11"><span class='ocrx_word' id='word_1_260' title='bbox 262 1441 361 1487; x_wconf 76' lang='lat' dir='ltr'>saepe</span> <span class='ocrx_word' id='word_1_261' title='bbox 385 1439 559 1479; x_wconf 85' lang='lat' dir='ltr'>dicuntur,</span> <span class='ocrx_word' id='word_1_262' title='bbox 584 1449 623 1474; x_wconf 83' lang='lat' dir='ltr'>ac</span> <span class='ocrx_word' id='word_1_263' title='bbox 647 1440 766 1474; x_wconf 79' lang='lat' dir='ltr'>Petrus</span> <span class='ocrx_word' id='word_1_264' title='bbox 791 1436 884 1471; x_wconf 84' lang='lat' dir='ltr'>Pauli</span> <span class='ocrx_word' id='word_1_265' title='bbox 910 1438 946 1471; x_wconf 76' lang='lat' dir='ltr'>in</span> <span class='ocrx_word' id='word_1_266' title='bbox 969 1437 1131 1482; x_wconf 76' lang='lat' dir='ltr'>dignitate</span> <span class='ocrx_word' id='word_1_267' title='bbox 1154 1434 1257 1470; x_wconf 75' lang='lat' dir='ltr'>frater</span> <span class='ocrx_word' id='word_1_268' title='bbox 1279 1437 1494 1480; x_wconf 80' lang='lat' dir='ltr'>a=Gregorio</span> <span class='ocrx_word' id='word_1_269' title='bbox 1520 1438 1667 1471; x_wconf 78' lang='lat' dir='ltr'>dicitur:</span> <span class='ocrx_word' id='word_1_270' title='bbox 1691 1437 1808 1472; x_wconf 82' lang='lat' dir='ltr'>eadem</span> <span class='ocrx_word' id='word_1_271' title='bbox 1834 1439 1876 1471; x_wconf 86' lang='lat' dir='ltr'>de</span> 
     </span>
     <span class='ocr_line' id='line_1_26' title="bbox 255 1484 1880 1534; baseline -0.003 -7"><span class='ocrx_word' id='word_1_272' title='bbox 255 1489 356 1527; x_wconf 77' lang='lat' dir='ltr'>causa</span> <span class='ocrx_word' id='word_1_273' title='bbox 372 1489 545 1526; x_wconf 82' lang='lat' dir='ltr'>Maximus</span> <span class='ocrx_word' id='word_1_274' title='bbox 562 1484 785 1523; x_wconf 79' lang='lat' dir='ltr'>Taurinenfis</span> <span class='ocrx_word' id='word_1_275' title='bbox 801 1487 846 1520; x_wconf 88' lang='lat' dir='ltr'>ait</span> <span class='ocrx_word' id='word_1_276' title='bbox 864 1485 1004 1521; x_wconf 79' lang='lat' dir='ltr'>Paulum</span> <span class='ocrx_word' id='word_1_277' title='bbox 1018 1484 1078 1520; x_wconf 77' lang='lat' dir='ltr'>elle</span> <span class='ocrx_word' id='word_1_278' title='bbox 1094 1484 1266 1528; x_wconf 84' lang='lat' dir='ltr'>aequalem</span> <span class='ocrx_word' id='word_1_279' title='bbox 1284 1487 1383 1519; x_wconf 88' lang='lat' dir='ltr'>Petro</span> <span class='ocrx_word' id='word_1_280' title='bbox 1403 1486 1436 1517; x_wconf 90' lang='lat' dir='ltr'>in</span> <span class='ocrx_word' id='word_1_281' title='bbox 1453 1486 1582 1519; x_wconf 77' lang='lat' dir='ltr'>meritis</span> <span class='ocrx_word' id='word_1_282' title='bbox 1601 1497 1630 1520; x_wconf 91' lang='lat' dir='ltr'>et</span> <span class='ocrx_word' id='word_1_283' title='bbox 1645 1486 1680 1519; x_wconf 81' lang='lat' dir='ltr'>in</span> <span class='ocrx_word' id='word_1_284' title='bbox 1697 1488 1880 1534; x_wconf 77' lang='lat' dir='ltr'>martyrio.</span> 
     </span>
     <span class='ocr_line' id='line_1_27' title="bbox 412 1532 1877 1582; baseline -0.001 -10"><span class='ocrx_word' id='word_1_285' title='bbox 412 1537 518 1582; x_wconf 74' lang='lat' dir='ltr'>Quod</span> <span class='ocrx_word' id='word_1_286' title='bbox 535 1537 694 1582; x_wconf 84' lang='lat' dir='ltr'>deinceps</span> <span class='ocrx_word' id='word_1_287' title='bbox 711 1534 865 1575; x_wconf 83' lang='lat' dir='ltr'>additur,</span> <span class='ocrx_word' id='word_1_288' title='bbox 892 1538 1029 1569; x_wconf 89' lang='lat' dir='ltr'>P-etrum</span> <span class='ocrx_word' id='word_1_289' title='bbox 1045 1544 1077 1567; x_wconf 83' lang='lat' dir='ltr'>et</span> <span class='ocrx_word' id='word_1_290' title='bbox 1093 1532 1234 1567; x_wconf 78' lang='lat' dir='ltr'>Paul-um</span> <span class='ocrx_word' id='word_1_291' title='bbox 1253 1532 1319 1567; x_wconf 90' lang='lat' dir='ltr'>dici</span> <span class='ocrx_word' id='word_1_292' title='bbox 1347 1534 1539 1580; x_wconf 83' lang='lat' dir='ltr'>principes,</span> <span class='ocrx_word' id='word_1_293' title='bbox 1573 1534 1684 1580; x_wconf 86' lang='lat' dir='ltr'>apices</span> <span class='ocrx_word' id='word_1_294' title='bbox 1710 1547 1742 1570; x_wconf 92' lang='lat' dir='ltr'>et</span> <span class='ocrx_word' id='word_1_295' title='bbox 1764 1537 1877 1581; x_wconf 82' lang='lat' dir='ltr'>capita</span> 
     </span>
     <span class='ocr_line' id='line_1_28' title="bbox 263 1579 1874 1637; baseline -0.004 -11"><span class='ocrx_word' id='word_1_296' title='bbox 263 1587 517 1637; x_wconf 71' lang='lat' dir='ltr'>apostolorum,</span> <span class='ocrx_word' id='word_1_297' title='bbox 541 1585 686 1623; x_wconf 83' lang='lat' dir='ltr'>ostendit</span> <span class='ocrx_word' id='word_1_298' title='bbox 704 1586 766 1620; x_wconf 88' lang='lat' dir='ltr'>hos</span> <span class='ocrx_word' id='word_1_299' title='bbox 784 1583 941 1629; x_wconf 83' lang='lat' dir='ltr'>equidem</span> <span class='ocrx_word' id='word_1_300' title='bbox 960 1595 1043 1629; x_wconf 85' lang='lat' dir='ltr'>prae</span> <span class='ocrx_word' id='word_1_301' title='bbox 1055 1582 1195 1617; x_wconf 82' lang='lat' dir='ltr'>caeteris</span> <span class='ocrx_word' id='word_1_302' title='bbox 1212 1581 1357 1628; x_wconf 74' lang='lat' dir='ltr'>infignes</span> <span class='ocrx_word' id='word_1_303' title='bbox 1381 1579 1498 1620; x_wconf 72' lang='lat' dir='ltr'>fuisse,</span> <span class='ocrx_word' id='word_1_304' title='bbox 1534 1595 1568 1619; x_wconf 78' lang='lat' dir='ltr'>at</span> <span class='ocrx_word' id='word_1_305' title='bbox 1583 1595 1641 1618; x_wconf 89' lang='lat' dir='ltr'>eos</span> <span class='ocrx_word' id='word_1_306' title='bbox 1668 1584 1757 1619; x_wconf 68' lang='lat' dir='ltr'>inter</span> <span class='ocrx_word' id='word_1_307' title='bbox 1777 1584 1810 1620; x_wconf 88' lang='lat' dir='ltr'>se</span> <span class='ocrx_word' id='word_1_308' title='bbox 1837 1585 1874 1619; x_wconf 83' lang='lat' dir='ltr'>in</span> 
     </span>
     <span class='ocr_line' id='line_1_29' title="bbox 263 1631 1874 1686; baseline -0.003 -12"><span class='ocrx_word' id='word_1_309' title='bbox 263 1640 416 1686; x_wconf 78' lang='lat' dir='ltr'>primatu</span> <span class='ocrx_word' id='word_1_310' title='bbox 430 1636 586 1682; x_wconf 85' lang='lat' dir='ltr'>aequales</span> <span class='ocrx_word' id='word_1_311' title='bbox 601 1633 700 1671; x_wconf 76' lang='lat' dir='ltr'>fuisse</span> <span class='ocrx_word' id='word_1_312' title='bbox 717 1646 785 1669; x_wconf 76' lang='lat' dir='ltr'>non</span> <span class='ocrx_word' id='word_1_313' title='bbox 805 1632 939 1680; x_wconf 75' lang='lat' dir='ltr'>probat.</span> <span class='ocrx_word' id='word_1_314' title='bbox 993 1635 1156 1678; x_wconf 80' lang='lat' dir='ltr'>Namque</span> <span class='ocrx_word' id='word_1_315' title='bbox 1174 1643 1243 1666; x_wconf 83' lang='lat' dir='ltr'>non</span> <span class='ocrx_word' id='word_1_316' title='bbox 1260 1644 1340 1666; x_wconf 65' lang='lat' dir='ltr'>faro</span> <span class='ocrx_word' id='word_1_317' title='bbox 1363 1644 1434 1667; x_wconf 90' lang='lat' dir='ltr'>non</span> <span class='ocrx_word' id='word_1_318' title='bbox 1459 1631 1569 1668; x_wconf 80' lang='lat' dir='ltr'>{olum</span> <span class='ocrx_word' id='word_1_319' title='bbox 1595 1635 1715 1668; x_wconf 85' lang='lat' dir='ltr'>Petrus</span> <span class='ocrx_word' id='word_1_320' title='bbox 1741 1644 1772 1669; x_wconf 85' lang='lat' dir='ltr'>et</span> <span class='ocrx_word' id='word_1_321' title='bbox 1789 1636 1874 1669; x_wconf 77' lang='lat' dir='ltr'>Pau-</span> 
     </span>
     <span class='ocr_line' id='line_1_30' title="bbox 259 1679 1877 1731; baseline -0.003 -8"><span class='ocrx_word' id='word_1_322' title='bbox 259 1688 334 1730; x_wconf 73' lang='lat' dir='ltr'>lus,</span> <span class='ocrx_word' id='word_1_323' title='bbox 363 1687 419 1722; x_wconf 90' lang='lat' dir='ltr'>sed</span> <span class='ocrx_word' id='word_1_324' title='bbox 437 1697 469 1721; x_wconf 88' lang='lat' dir='ltr'>et</span> <span class='ocrx_word' id='word_1_325' title='bbox 483 1685 539 1721; x_wconf 86' lang='lat' dir='ltr'>alii</span> <span class='ocrx_word' id='word_1_326' title='bbox 555 1683 702 1731; x_wconf 81' lang='lat' dir='ltr'>apostoli</span> <span class='ocrx_word' id='word_1_327' title='bbox 718 1683 770 1718; x_wconf 90' lang='lat' dir='ltr'>his</span> <span class='ocrx_word' id='word_1_328' title='bbox 791 1682 992 1718; x_wconf 80' lang='lat' dir='ltr'>nominibus</span> <span class='ocrx_word' id='word_1_329' title='bbox 1011 1681 1234 1726; x_wconf 76' lang='lat' dir='ltr'>decorantur3</span> <span class='ocrx_word' id='word_1_330' title='bbox 1263 1679 1305 1716; x_wconf 86' lang='lat' dir='ltr'>fic</span> <span class='ocrx_word' id='word_1_331' title='bbox 1325 1680 1395 1727; x_wconf 89' lang='lat' dir='ltr'>ipse</span> <span class='ocrx_word' id='word_1_332' title='bbox 1413 1682 1539 1717; x_wconf 78' lang='lat' dir='ltr'>Paulus</span> <span class='ocrx_word' id='word_1_333' title='bbox 1561 1693 1735 1729; x_wconf 80' lang='lat' dir='ltr'>comparat</span> <span class='ocrx_word' id='word_1_334' title='bbox 1749 1681 1780 1718; x_wconf 80' lang='lat' dir='ltr'>se</span> <span class='ocrx_word' id='word_1_335' title='bbox 1797 1695 1877 1718; x_wconf 84' lang='lat' dir='ltr'>cum</span> 
     </span>
     <span class='ocr_line' id='line_1_31' title="bbox 261 1730 1876 1784; baseline -0.004 -11"><span class='ocrx_word' id='word_1_336' title='bbox 261 1749 394 1784; x_wconf 73' lang='lat' dir='ltr'>magnis</span> <span class='ocrx_word' id='word_1_337' title='bbox 410 1734 592 1782; x_wconf 55' lang='lat' dir='ltr'>apostolis(</span> <span class='ocrx_word' id='word_1_338' title='bbox 618 1733 686 1769; x_wconf 75' lang='lat' dir='ltr'>hoc</span> <span class='ocrx_word' id='word_1_339' title='bbox 704 1733 844 1768; x_wconf 69' lang='lat' dir='ltr'>nomine</span> <span class='ocrx_word' id='word_1_340' title='bbox 862 1734 999 1767; x_wconf 77' lang='lat' dir='ltr'>Petrum</span> <span class='ocrx_word' id='word_1_341' title='bbox 1013 1756 1021 1769; x_wconf 84' lang='lat'><em>‚</em></span> <span class='ocrx_word' id='word_1_342' title='bbox 1048 1730 1212 1778; x_wconf 85' lang='lat' dir='ltr'>Jacobum</span> <span class='ocrx_word' id='word_1_343' title='bbox 1231 1740 1265 1765; x_wconf 84' lang='lat' dir='ltr'>et</span> <span class='ocrx_word' id='word_1_344' title='bbox 1280 1732 1448 1778; x_wconf 74' lang='lat' dir='ltr'>joannem</span> <span class='ocrx_word' id='word_1_345' title='bbox 1465 1731 1633 1771; x_wconf 72' lang='lat' dir='ltr'>indicans,</span> <span class='ocrx_word' id='word_1_346' title='bbox 1662 1744 1748 1776; x_wconf 85' lang='lat' dir='ltr'>quos</span> <span class='ocrx_word' id='word_1_347' title='bbox 1774 1732 1876 1768; x_wconf 88' lang='lat' dir='ltr'>eccle·</span> 
     </span>
     <span class='ocr_line' id='line_1_32' title="bbox 262 1777 1883 1830; baseline -0.003 -9"><span class='ocrx_word' id='word_1_348' title='bbox 262 1786 326 1822; x_wconf 76' lang='lat' dir='ltr'>fiae</span> <span class='ocrx_word' id='word_1_349' title='bbox 344 1786 518 1821; x_wconf 75' lang='lat' dir='ltr'>columnas</span> <span class='ocrx_word' id='word_1_350' title='bbox 536 1783 692 1830; x_wconf 85' lang='lat' dir='ltr'>adpellat.</span> <span class='ocrx_word' id='word_1_351' title='bbox 744 1782 801 1818; x_wconf 74' lang='lat' dir='ltr'>Sic</span> <span class='ocrx_word' id='word_1_352' title='bbox 812 1781 1080 1829; x_wconf 81' lang='lat' dir='ltr'>Chrysostomus</span> <span class='ocrx_word' id='word_1_353' title='bbox 1098 1792 1163 1815; x_wconf 88' lang='lat' dir='ltr'>tres</span> <span class='ocrx_word' id='word_1_354' title='bbox 1180 1777 1261 1814; x_wconf 77' lang='lat' dir='ltr'>istos</span> <span class='ocrx_word' id='word_1_355' title='bbox 1279 1782 1416 1816; x_wconf 82' lang='lat' dir='ltr'>caeteris</span> <span class='ocrx_word' id='word_1_356' title='bbox 1435 1781 1594 1817; x_wconf 86' lang='lat' dir='ltr'>omnibus</span> <span class='ocrx_word' id='word_1_357' title='bbox 1605 1779 1765 1827; x_wconf 82' lang='lat' dir='ltr'>apostolis</span> <span class='ocrx_word' id='word_1_358' title='bbox 1773 1793 1883 1827; x_wconf 78' lang='lat' dir='ltr'>prae--</span> 
     </span>
     <span class='ocr_line' id='line_1_33' title="bbox 264 1829 1875 1878; baseline -0.004 -7"><span class='ocrx_word' id='word_1_359' title='bbox 264 1834 376 1871; x_wconf 76' lang='lat' dir='ltr'>stitiffe</span> <span class='ocrx_word' id='word_1_360' title='bbox 393 1837 457 1876; x_wconf 82' lang='lat' dir='ltr'>ait,</span> <span class='ocrx_word' id='word_1_361' title='bbox 485 1835 522 1869; x_wconf 92' lang='lat' dir='ltr'>in</span> <span class='ocrx_word' id='word_1_362' title='bbox 539 1832 637 1869; x_wconf 90' lang='lat' dir='ltr'>serm.</span> <span class='ocrx_word' id='word_1_363' title='bbox 657 1832 699 1867; x_wconf 91' lang='lat' dir='ltr'>de</span> <span class='ocrx_word' id='word_1_364' title='bbox 716 1832 878 1878; x_wconf 75' lang='lat' dir='ltr'>praemiis</span> <span class='ocrx_word' id='word_1_365' title='bbox 896 1829 1003 1866; x_wconf 59' lang='lat' dir='ltr'>San&amp;</span> <span class='ocrx_word' id='word_1_366' title='bbox 1021 1842 1054 1866; x_wconf 83' lang='lat' dir='ltr'>et</span> <span class='ocrx_word' id='word_1_367' title='bbox 1069 1831 1106 1865; x_wconf 82' lang='lat' dir='ltr'>in</span> <span class='ocrx_word' id='word_1_368' title='bbox 1125 1841 1197 1876; x_wconf 83' lang='lat' dir='ltr'>cap.</span> <span class='ocrx_word' id='word_1_369' title='bbox 1218 1841 1270 1873; x_wconf 87' lang='lat'>15.</span> <span class='ocrx_word' id='word_1_370' title='bbox 1308 1842 1337 1865; x_wconf 82' lang='lat'>1.</span> <span class='ocrx_word' id='word_1_371' title='bbox 1363 1830 1405 1865; x_wconf 86' lang='lat' dir='ltr'>ad</span> <span class='ocrx_word' id='word_1_372' title='bbox 1426 1830 1601 1870; x_wconf 68' lang='lat' dir='ltr'>Corinth,</span> <span class='ocrx_word' id='word_1_373' title='bbox 1632 1842 1667 1866; x_wconf 82' lang='lat' dir='ltr'>et</span> <span class='ocrx_word' id='word_1_374' title='bbox 1686 1831 1721 1864; x_wconf 90' lang='lat' dir='ltr'>in</span> <span class='ocrx_word' id='word_1_375' title='bbox 1749 1843 1803 1877; x_wconf 85' lang='lat' dir='ltr'>ep.</span> <span class='ocrx_word' id='word_1_376' title='bbox 1831 1831 1875 1867; x_wconf 83' lang='lat' dir='ltr'>ad</span> 
     </span>
     <span class='ocr_line' id='line_1_34' title="bbox 266 1879 1871 1927; baseline -0.003 -7"><span class='ocrx_word' id='word_1_377' title='bbox 266 1885 402 1920; x_wconf 82' lang='lat' dir='ltr'>Galatas</span> <span class='ocrx_word' id='word_1_378' title='bbox 419 1910 428 1925; x_wconf 88' lang='lat'>,</span> <span class='ocrx_word' id='word_1_379' title='bbox 455 1884 564 1919; x_wconf 85' lang='lat' dir='ltr'>initio.</span> <span class='ocrx_word' id='word_1_380' title='bbox 617 1883 737 1917; x_wconf 76' lang='lat' dir='ltr'>Petrus</span> <span class='ocrx_word' id='word_1_381' title='bbox 748 1907 756 1923; x_wconf 91' lang='lat'>,</span> <span class='ocrx_word' id='word_1_382' title='bbox 783 1881 914 1925; x_wconf 84' lang='lat' dir='ltr'>inquit,</span> <span class='ocrx_word' id='word_1_383' title='bbox 943 1880 1087 1923; x_wconf 66' lang='lat' dir='ltr'>Jacobus</span> <span class='ocrx_word' id='word_1_384' title='bbox 1102 1889 1136 1915; x_wconf 78' lang='lat' dir='ltr'>er</span> <span class='ocrx_word' id='word_1_385' title='bbox 1159 1879 1310 1920; x_wconf 76' lang='lat' dir='ltr'>Joannes</span> <span class='ocrx_word' id='word_1_386' title='bbox 1327 1892 1394 1914; x_wconf 74' lang='lat' dir='ltr'>non</span> <span class='ocrx_word' id='word_1_387' title='bbox 1407 1879 1632 1927; x_wconf 74' lang='lat' dir='ltr'>prohibebant</span> <span class='ocrx_word' id='word_1_388' title='bbox 1649 1881 1844 1916; x_wconf 80' lang='lat' dir='ltr'>circumcidi</span> <span class='ocrx_word' id='word_1_389' title='bbox 1858 1903 1871 1919; x_wconf 86' lang='lat'><strong>.</strong></span> 
     </span>
     <span class='ocr_line' id='line_1_35' title="bbox 264 1926 1875 1980; baseline -0.002 -11"><span class='ocrx_word' id='word_1_390' title='bbox 264 1946 334 1969; x_wconf 67' lang='lat' dir='ltr'>enm</span> <span class='ocrx_word' id='word_1_391' title='bbox 356 1934 457 1980; x_wconf 65' lang='lat' dir='ltr'>effen!</span> <span class='ocrx_word' id='word_1_392' title='bbox 482 1936 574 1968; x_wconf 79' lang='lat' dir='ltr'>inter</span> <span class='ocrx_word' id='word_1_393' title='bbox 590 1931 740 1979; x_wconf 81' lang='lat' dir='ltr'>apostolos</span> <span class='ocrx_word' id='word_1_394' title='bbox 754 1933 886 1977; x_wconf 79' lang='lat' dir='ltr'>primae</span> <span class='ocrx_word' id='word_1_395' title='bbox 910 1931 1106 1980; x_wconf 79' lang='lat' dir='ltr'>dignitatis.</span> <span class='ocrx_word' id='word_1_396' title='bbox 1166 1927 1273 1963; x_wconf 78' lang='lat' dir='ltr'>Iidem</span> <span class='ocrx_word' id='word_1_397' title='bbox 1304 1929 1450 1975; x_wconf 83' lang='lat' dir='ltr'>apostoli</span> <span class='ocrx_word' id='word_1_398' title='bbox 1475 1940 1542 1965; x_wconf 84' lang='lat' dir='ltr'>tres</span> <span class='ocrx_word' id='word_1_399' title='bbox 1568 1941 1587 1964; x_wconf 85' lang='lat' dir='ltr'>a</span> <span class='ocrx_word' id='word_1_400' title='bbox 1609 1926 1753 1965; x_wconf 65' lang='lat' dir='ltr'>Vistore</span> <span class='ocrx_word' id='word_1_401' title='bbox 1777 1930 1875 1965; x_wconf 82' lang='lat' dir='ltr'>Anti·</span> 
     </span>
     <span class='ocr_line' id='line_1_36' title="bbox 264 1977 1876 2026; baseline -0.001 -9"><span class='ocrx_word' id='word_1_402' title='bbox 264 1983 400 2019; x_wconf 71' lang='lat' dir='ltr'>oei-neno</span> <span class='ocrx_word' id='word_1_403' title='bbox 416 1984 452 2016; x_wconf 91' lang='lat' dir='ltr'>in</span> <span class='ocrx_word' id='word_1_404' title='bbox 469 1984 577 2018; x_wconf 87' lang='lat' dir='ltr'>Marc.</span> <span class='ocrx_word' id='word_1_405' title='bbox 597 1993 671 2026; x_wconf 82' lang='lat' dir='ltr'>cap.</span> <span class='ocrx_word' id='word_1_406' title='bbox 693 1993 726 2023; x_wconf 89' lang='lat'>9.</span> <span class='ocrx_word' id='word_1_407' title='bbox 743 1980 904 2014; x_wconf 78' lang='lat' dir='ltr'>dicuntur</span> <span class='ocrx_word' id='word_1_408' title='bbox 919 1977 1154 2026; x_wconf 77' lang='lat' dir='ltr'>apostolorum</span> <span class='ocrx_word' id='word_1_409' title='bbox 1172 1977 1347 2024; x_wconf 77' lang='lat' dir='ltr'>coriphaei</span> <span class='ocrx_word' id='word_1_410' title='bbox 1359 2004 1368 2016; x_wconf 92' lang='lat'><em>‚</em></span> <span class='ocrx_word' id='word_1_411' title='bbox 1403 1980 1466 2024; x_wconf 86' lang='lat' dir='ltr'>qui</span> <span class='ocrx_word' id='word_1_412' title='bbox 1483 1980 1612 2025; x_wconf 79' lang='lat' dir='ltr'>primas</span> <span class='ocrx_word' id='word_1_413' title='bbox 1630 1979 1716 2014; x_wconf 83' lang='lat' dir='ltr'>inter</span> <span class='ocrx_word' id='word_1_414' title='bbox 1740 1978 1876 2025; x_wconf 52' lang='lat' dir='ltr'>aposto!</span> 
     </span>
     <span class='ocr_line' id='line_1_37' title="bbox 265 2027 1879 2074; baseline -0.002 -6"><span class='ocrx_word' id='word_1_415' title='bbox 265 2031 320 2068; x_wconf 77' lang='lat' dir='ltr'>los</span> <span class='ocrx_word' id='word_1_416' title='bbox 337 2029 544 2067; x_wconf 84' lang='lat' dir='ltr'>obtinebant.</span> <span class='ocrx_word' id='word_1_417' title='bbox 594 2032 627 2065; x_wconf 89' lang='lat' dir='ltr'>S.</span> <span class='ocrx_word' id='word_1_418' title='bbox 648 2032 737 2073; x_wconf 83' lang='lat' dir='ltr'>Aug.</span> <span class='ocrx_word' id='word_1_419' title='bbox 758 2029 793 2062; x_wconf 89' lang='lat' dir='ltr'>in</span> <span class='ocrx_word' id='word_1_420' title='bbox 812 2027 904 2074; x_wconf 83' lang='lat' dir='ltr'>epist.</span> <span class='ocrx_word' id='word_1_421' title='bbox 923 2030 965 2064; x_wconf 89' lang='lat' dir='ltr'>ad</span> <span class='ocrx_word' id='word_1_422' title='bbox 991 2029 1137 2064; x_wconf 77' lang='lat' dir='ltr'>Galatas.</span> <span class='ocrx_word' id='word_1_423' title='bbox 1194 2028 1333 2068; x_wconf 76' lang='lat' dir='ltr'>Petrus,</span> <span class='ocrx_word' id='word_1_424' title='bbox 1368 2028 1494 2073; x_wconf 89' lang='lat' dir='ltr'>inquit,</span> <span class='ocrx_word' id='word_1_425' title='bbox 1534 2027 1678 2069; x_wconf 73' lang='lat' dir='ltr'>Jacohus</span> <span class='ocrx_word' id='word_1_426' title='bbox 1701 2037 1736 2064; x_wconf 82' lang='lat' dir='ltr'>et</span> <span class='ocrx_word' id='word_1_427' title='bbox 1762 2029 1879 2070; x_wconf 68' lang='lat' dir='ltr'>Jocm-v</span> 
     </span>
     <span class='ocr_line' id='line_1_38' title="bbox 265 2075 1873 2124; baseline -0.004 -6"><span class='ocrx_word' id='word_1_428' title='bbox 265 2093 321 2118; x_wconf 52' lang='grc' dir='ltr'>ηεξ</span> <span class='ocrx_word' id='word_1_429' title='bbox 337 2081 565 2117; x_wconf 69' lang='lat' dir='ltr'>honoratiores</span> <span class='ocrx_word' id='word_1_430' title='bbox 588 2087 686 2114; x_wconf 77' lang='lat' dir='ltr'>erant</span> <span class='ocrx_word' id='word_1_431' title='bbox 702 2080 840 2112; x_wconf 76' lang='lat' dir='ltr'>caeteris</span> <span class='ocrx_word' id='word_1_432' title='bbox 860 2078 1020 2124; x_wconf 70' lang='lat' dir='ltr'>apostolis.</span> <span class='ocrx_word' id='word_1_433' title='bbox 1073 2079 1139 2113; x_wconf 84' lang='lat' dir='ltr'>His</span> <span class='ocrx_word' id='word_1_434' title='bbox 1157 2075 1241 2112; x_wconf 81' lang='lat' dir='ltr'>adde</span> <span class='ocrx_word' id='word_1_435' title='bbox 1267 2077 1452 2112; x_wconf 81' lang='lat' dir='ltr'>Clementis</span> <span class='ocrx_word' id='word_1_436' title='bbox 1477 2077 1590 2112; x_wconf 89' lang='lat' dir='ltr'>locum</span> <span class='ocrx_word' id='word_1_437' title='bbox 1610 2090 1648 2112; x_wconf 82' lang='lat' dir='ltr'>ex</span> <span class='ocrx_word' id='word_1_438' title='bbox 1665 2075 1811 2112; x_wconf 87' lang='lat' dir='ltr'>Eusebio</span> <span class='ocrx_word' id='word_1_439' title='bbox 1821 2075 1873 2112; x_wconf 85' lang='lat' dir='ltr'>su-</span> 
     </span>
     <span class='ocr_line' id='line_1_39' title="bbox 266 2124 1874 2177; baseline -0.004 -11"><span class='ocrx_word' id='word_1_440' title='bbox 266 2130 384 2177; x_wconf 80' lang='lat' dir='ltr'>perius</span> <span class='ocrx_word' id='word_1_441' title='bbox 399 2130 558 2167; x_wconf 70' lang='lat' dir='ltr'>citatum,</span> <span class='ocrx_word' id='word_1_442' title='bbox 580 2139 624 2162; x_wconf 77' lang='lat' dir='ltr'>ex</span> <span class='ocrx_word' id='word_1_443' title='bbox 639 2125 763 2171; x_wconf 80' lang='lat' dir='ltr'>quibus</span> <span class='ocrx_word' id='word_1_444' title='bbox 780 2128 908 2173; x_wconf 80' lang='lat' dir='ltr'>pariter</span> <span class='ocrx_word' id='word_1_445' title='bbox 922 2127 1043 2163; x_wconf 85' lang='lat' dir='ltr'>inferri</span> <span class='ocrx_word' id='word_1_446' title='bbox 1060 2125 1179 2173; x_wconf 81' lang='lat' dir='ltr'>poss&#39;et,</span> <span class='ocrx_word' id='word_1_447' title='bbox 1206 2125 1230 2160; x_wconf 76' lang='lat' dir='ltr'>fi</span> <span class='ocrx_word' id='word_1_448' title='bbox 1247 2127 1329 2169; x_wconf 83' lang='lat' dir='ltr'>quid</span> <span class='ocrx_word' id='word_1_449' title='bbox 1348 2126 1451 2161; x_wconf 78' lang='lat' dir='ltr'>valeat</span> <span class='ocrx_word' id='word_1_450' title='bbox 1465 2125 1738 2162; x_wconf 78' lang='lat' dir='ltr'>adversariorum</span> <span class='ocrx_word' id='word_1_451' title='bbox 1758 2124 1874 2165; x_wconf 51' lang='lat' dir='ltr'>conse&lt;</span> 
     </span>
     <span class='ocr_line' id='line_1_40' title="bbox 267 2173 1881 2225; baseline -0.003 -11"><span class='ocrx_word' id='word_1_452' title='bbox 267 2181 406 2225; x_wconf 85' lang='lat' dir='ltr'>quutio,</span> <span class='ocrx_word' id='word_1_453' title='bbox 433 2180 588 2219; x_wconf 84' lang='lat' dir='ltr'>Petrum,</span> <span class='ocrx_word' id='word_1_454' title='bbox 614 2175 780 2225; x_wconf 73' lang='lat' dir='ltr'>jacobum</span> <span class='ocrx_word' id='word_1_455' title='bbox 796 2188 830 2210; x_wconf 88' lang='lat' dir='ltr'>et</span> <span class='ocrx_word' id='word_1_456' title='bbox 847 2178 1011 2223; x_wconf 75' lang='lat' dir='ltr'>joannem</span> <span class='ocrx_word' id='word_1_457' title='bbox 1027 2177 1192 2223; x_wconf 83' lang='lat' dir='ltr'>primatus</span> <span class='ocrx_word' id='word_1_458' title='bbox 1210 2174 1376 2210; x_wconf 91' lang='lat' dir='ltr'>individui</span> <span class='ocrx_word' id='word_1_459' title='bbox 1394 2174 1493 2211; x_wconf 80' lang='lat' dir='ltr'>fuisse</span> <span class='ocrx_word' id='word_1_460' title='bbox 1508 2176 1703 2221; x_wconf 71' lang='lat' dir='ltr'>participes,</span> <span class='ocrx_word' id='word_1_461' title='bbox 1733 2187 1802 2210; x_wconf 90' lang='lat' dir='ltr'>non</span> <span class='ocrx_word' id='word_1_462' title='bbox 1820 2173 1881 2209; x_wconf 63' lang='lat' dir='ltr'>se·</span> 
     </span>
     <span class='ocr_line' id='line_1_41' title="bbox 266 2223 1872 2273; baseline -0.002 -9"><span class='ocrx_word' id='word_1_463' title='bbox 266 2241 325 2264; x_wconf 82' lang='lat' dir='ltr'>cus</span> <span class='ocrx_word' id='word_1_464' title='bbox 343 2241 382 2264; x_wconf 79' lang='lat' dir='ltr'>ae</span> <span class='ocrx_word' id='word_1_465' title='bbox 394 2230 531 2264; x_wconf 78' lang='lat' dir='ltr'>Petrum</span> <span class='ocrx_word' id='word_1_466' title='bbox 544 2240 577 2262; x_wconf 88' lang='lat' dir='ltr'>et</span> <span class='ocrx_word' id='word_1_467' title='bbox 590 2225 751 2267; x_wconf 82' lang='lat' dir='ltr'>Paulum3</span> <span class='ocrx_word' id='word_1_468' title='bbox 780 2224 835 2260; x_wconf 89' lang='lat' dir='ltr'>sed</span> <span class='ocrx_word' id='word_1_469' title='bbox 850 2224 937 2262; x_wconf 88' lang='lat' dir='ltr'>istud</span> <span class='ocrx_word' id='word_1_470' title='bbox 958 2226 1194 2273; x_wconf 86' lang='lat' dir='ltr'>imprudenter</span> <span class='ocrx_word' id='word_1_471' title='bbox 1212 2227 1354 2260; x_wconf 91' lang='lat' dir='ltr'>omnino</span> <span class='ocrx_word' id='word_1_472' title='bbox 1371 2223 1475 2260; x_wconf 87' lang='lat' dir='ltr'>fieret.</span> <span class='ocrx_word' id='word_1_473' title='bbox 1527 2226 1644 2259; x_wconf 87' lang='lat' dir='ltr'>Sciunt</span> <span class='ocrx_word' id='word_1_474' title='bbox 1675 2224 1766 2258; x_wconf 90' lang='lat' dir='ltr'>enim</span> <span class='ocrx_word' id='word_1_475' title='bbox 1792 2235 1872 2260; x_wconf 87' lang='lat' dir='ltr'>om-</span> 
     </span>
    </p>
   </div>
   <div class='ocr_carea' id='block_1_4' title="bbox 266 2269 1909 2370">
    <p class='ocr_par' dir='ltr' id='par_1_4' title="bbox 266 2269 1909 2370">
     <span class='ocr_line' id='line_1_42' title="bbox 266 2269 1909 2330; baseline -0.001 -18"><span class='ocrx_word' id='word_1_476' title='bbox 266 2290 326 2314; x_wconf 68' lang='lat' dir='ltr'>nes</span> <span class='ocrx_word' id='word_1_477' title='bbox 342 2274 432 2324; x_wconf 57' lang='lat' dir='ltr'>hisee</span> <span class='ocrx_word' id='word_1_478' title='bbox 442 2277 626 2330; x_wconf 68' lang='lat' dir='ltr'>phrasibus</span> <span class='ocrx_word' id='word_1_479' title='bbox 644 2287 715 2313; x_wconf 83' lang='lat' dir='ltr'>non</span> <span class='ocrx_word' id='word_1_480' title='bbox 730 2274 911 2326; x_wconf 73' lang='lat' dir='ltr'>significari</span> <span class='ocrx_word' id='word_1_481' title='bbox 929 2274 1166 2326; x_wconf 70' lang='lat' dir='ltr'>gmnimodam</span> <span class='ocrx_word' id='word_1_482' title='bbox 1190 2286 1333 2318; x_wconf 76' lang='lat' dir='ltr'>eorum,</span> <span class='ocrx_word' id='word_1_483' title='bbox 1369 2275 1428 2322; x_wconf 83' lang='lat' dir='ltr'>qui</span> <span class='ocrx_word' id='word_1_484' title='bbox 1453 2274 1590 2311; x_wconf 76' lang='lat' dir='ltr'>caeteris</span> <span class='ocrx_word' id='word_1_485' title='bbox 1613 2269 1873 2321; x_wconf 47' lang='lat' dir='ltr'>praeferuntur!</span> <span class='ocrx_word' id='word_1_486' title='bbox 1905 2310 1909 2311; x_wconf 21' lang='lat'><em>⁷</em></span> 
     </span>
     <span class='ocr_line' id='line_1_43' title="bbox 1696 2333 1818 2370; baseline 0 -13"><span class='ocrx_word' id='word_1_487' title='bbox 1696 2333 1818 2370; x_wconf 68' lang='lat' dir='ltr'>aequa:</span> 
     </span>
    </p>
   </div>
  </div>
 </body>
</html>
