1961 2718
283 202 352 246 386
528 195 598 232 DE
625 194 890 236 ANTIQVA
923 189 1209 227 ECCLESIAE
1251 191 1586 228 DISCIPLINA

231 297 365 322 tantum
382 295 420 320 ut
438 282 675 330 separarentur
691 296 708 318 a
726 293 824 318 coetu
840 281 992 316 filiorum
1009 279 1118 320 Israel,
1138 279 1247 316 Levit.
1272 290 1324 323 13.
1355 279 1551 326 Quifuerit
1570 282 1666 327 lepra
1678 277 1846 326 percuffm

230 346 265 372 et
288 337 464 382 separatus
492 333 537 368 ad
553 332 736 368 arbitrium
750 331 952 378 sacerdotis,
981 329 1149 365 habitabit
1172 339 1271 365 extra
1288 329 1403 375 casira.
1457 330 1570 373 Quare
1589 327 1716 363 etiamst
1733 326 1849 374 postea

235 387 336 420 Ozias
363 395 508 430 regnum
537 382 675 428 penitus
700 380 871 423 amisisset,
901 392 970 415 non
987 380 1023 414 id
1046 392 1083 413 ex
1101 378 1313 415 sacerdotum
1330 377 1457 426 judicio
1480 390 1516 414 ac
1533 377 1694 414 sententia
1713 375 1844 414 fastum

237 432 360 470 fuisset.

339 483 491 526 Quinto,
520 480 642 516 diserte
668 479 837 526 scriptura
864 477 1017 516 testatur,
1045 491 1122 513 eum
1150 490 1211 513 nec
1239 491 1364 524 regno,
1395 489 1456 513 nec
1480 477 1644 524 regnandi
1661 475 1742 525 jure
1761 488 1847 522 pro-

236 544 350 580 pterea
377 529 543 566 excidisse:
572 543 649 565 nam
677 543 708 566 v.
729 542 758 564 2.
786 529 937 576 ejusdem
963 529 1084 574 capitis
1113 530 1178 569 ait,
1206 541 1283 563 eum
1301 540 1442 573 regnare
1459 526 1605 572 coepiffe
1621 538 1710 561 anno
1734 526 1850 560 aetatis

245 587 301 618 16.
326 593 356 616 et
381 580 525 626 regnasse
549 591 657 616 annos
685 592 738 622 5²-
767 590 874 622 usque
898 577 938 611 ad
965 589 1111 612 mortem
1142 576 1283 612 scilicet:
1312 589 1343 612 et
1362 589 1392 612 v.
1414 589 1469 620 23.
1490 575 1566 623 post
1584 575 1851 623 hujusgnortem

240 629 391 677 regnasse
420 631 543 665 dicitur
562 629 652 663 filius
670 628 814 675 Joathan
840 638 905 672 pro
924 639 980 665 eo,
1011 638 1093 671 ergo
1120 627 1186 660 huc
1205 628 1309 672 usque
1325 624 1395 671 ipse
1414 637 1621 672 regnaverat.
1676 627 1752 660 Nec
1768 635 1852 659 vero

241 693 366 716 nomen
397 681 496 714 inane
520 680 608 724 regis
626 678 782 713 retinuit,
811 675 864 711 sed
883 687 913 709 et
927 675 978 721 jus
998 677 1131 720 regium
1151 688 1187 710 ac
1202 677 1418 722 praecipuam
1438 676 1671 714 autoritatem,
1699 673 1855 718 quamvis

245 729 501 776 gubernationis
530 740 616 762 onus
644 729 676 760 in
704 726 811 760 filiurn
831 723 1012 772 rejecissem
1039 727 1171 769 quippe
1190 738 1266 760 cum
1285 727 1317 759 vi
1337 723 1452 759 morbi
1473 735 1671 770 urgeretur,
1700 734 1758 757 nec
1775 722 1852 756 lice-

243 792 294 814 ret
313 781 339 813 ei
360 777 543 812 secundum
561 776 681 821 legem,
698 786 908 808 caeterorum
928 772 1098 806 consortio
1119 773 1207 813 frui,
1235 775 1289 809 vix
1307 785 1441 817 poterat
1459 786 1521 818 per
1539 771 1686 818 seipsum
1705 783 1853 817 regnum

242 827 493 866 administrare,
522 837 624 869 quare
652 825 686 857 in
715 822 820 856 domo
846 820 994 855 hibitans
1022 820 1186 866 separata,
1214 833 1282 856 non
1307 822 1463 866 privatus
1490 823 1526 854 in
1544 833 1579 854 ea
1597 821 1696 860 vixit,
1724 831 1760 855 ut
1780 819 1855 854 vult

244 876 488 913 Beliarminus‚
515 875 585 907 imo
614 883 649 906 ut
673 869 793 905 habent
822 882 877 914 70.
906 870 1114 909 ἐβασίλευσεν,
1143 869 1208 903 hoc
1227 870 1288 910 est,
1317 869 1473 915 regnavit
1490 869 1524 903 in
1545 880 1599 910 ea,
1627 869 1791 913 quamdiu
1807 870 1854 904 vi-

244 928 310 965 xit,
338 925 391 959 sed
418 920 743 957 administrationem
771 920 866 964 regni
895 917 944 952 sui
972 917 1041 953 filio
1067 917 1252 961 cominifit3
1280 918 1349 964 ipse
1372 931 1454 953 vero
1480 919 1571 963 regis
1591 919 1807 953 autoritatem
1824 928 1856 952 et

246 986 371 1010 nomen
392 972 546 1010 retinuit,
575 970 665 1005 unde
684 968 776 1003 filius
794 968 863 1015 ejus
883 980 1055 1012 nunquam
1072 968 1195 1003 dicitur
1211 981 1276 1006 rex,
1304 967 1467 1013 quamdiu
1485 979 1579 1014 pater
1601 967 1672 1014 ejus
1690 968 1782 1008 vixit,
1799 965 1856 1002 sed

248 1025 322 1068 eius
350 1033 480 1057 rantum
508 1022 595 1055 vices
616 1017 714 1064 egisse
732 1019 876 1063 legitur,
906 1029 937 1051 et
957 1030 1022 1062 pro
1039 1030 1078 1051 eo
1099 1029 1169 1052 rum
1193 1017 1306 1063 palatii
1324 1029 1438 1052 curam
1456 1015 1619 1057 habuisse,
1647 1027 1720 1052 tum
1740 1028 1856 1063 popu-

214 1074 218 1081 *
244 1067 318 1108 lum
347 1084 454 1106 terrae
474 1068 650 1117 judicasse:
681 1080 761 1102 tunc
779 1066 948 1114 Josephus
969 1067 1008 1100 de
1024 1066 1082 1101 iilo
1102 1067 1182 1101 haec
1200 1069 1264 1101 ait:
1293 1068 1373 1102 Non
1392 1065 1575 1102 vocabatur
1591 1078 1666 1106 rex,
1693 1077 1750 1101 nec
1765 1065 1859 1112 sede-

246 1124 303 1158 bat
330 1125 365 1157 in
383 1123 468 1167 solio
494 1123 604 1168 regis,
624 1118 686 1164 sed
717 1116 819 1153 Ozias
846 1115 1032 1151 vocabatur
1049 1128 1111 1151 rex
1126 1126 1197 1152 toto
1215 1126 1356 1163 tempore
1377 1129 1438 1164 quo
1459 1118 1551 1151 vixit
1565 1140 1573 1155 ‚
1601 1114 1705 1161 etsub
1723 1127 1759 1151 eo
1773 1127 1856 1149 com-

241 1181 390 1220 putatur
406 1180 534 1215 tempus
553 1171 674 1216 regni,
700 1175 732 1202 et
751 1165 790 1200 ab
811 1178 846 1201 eo
860 1164 1029 1212 pendebat
1043 1177 1152 1202 eorum
1165 1166 1307 1213 potestas
1319 1191 1326 1204 ,
1353 1177 1435 1214 quae
1447 1164 1578 1208 fiebant
1597 1167 1634 1199 in
1648 1176 1763 1212 regno,
1779 1165 1858 1199 licet

239 1235 305 1269 per
324 1222 477 1262 Joatlzan
489 1217 601 1261 filium
609 1219 707 1262 suum
722 1215 1043 1262 administrarentur
1052 1242 1162 1251 ......
1191 1215 1251 1261 Iste
1270 1216 1423 1256 Joatlzan
1438 1223 1515 1250 erat
1531 1216 1646 1249 unicus
1659 1213 1755 1255 filius
1772 1215 1854 1259 ejus,

243 1273 300 1305 vel
323 1271 441 1313 saltem
468 1270 732 1315 primogenitus,
761 1265 834 1299 ideo
858 1267 959 1312 patri
974 1267 1131 1299 morienti
1142 1264 1288 1312 succeffit
1304 1267 1340 1299 in
1361 1275 1485 1310 regno‚·
1513 1276 1588 1298 nam
1605 1266 1742 1297 vivente
1754 1271 1860 1309 patre

240 1322 312 1365 ipse
327 1319 491 1364 palatium
507 1314 742 1362 gubernabat,
773 1323 806 1346 et
814 1312 1000 1359 sustinebat
1015 1321 1119 1346 totum
1132 1314 1266 1357 pondus
1283 1315 1409 1358 regalis
1426 1312 1559 1347 laboris.
1612 1315 1729 1354 ltaque
1751 1311 1858 1345 Ozias

243 1367 377 1413 semper
403 1364 559 1402 retinuit,
587 1375 655 1396 non
677 1360 784 1395 modo
809 1372 932 1394 nomen
961 1360 1071 1404 regis,
1099 1359 1155 1393 sed
1179 1371 1210 1393 et
1231 1360 1284 1405 jus
1311 1359 1491 1404 regnandi,
1519 1372 1555 1394 ac
1571 1361 1788 1394 autoritatem
1807 1371 1857 1394 re·

245 1418 348 1463 giam.
405 1417 499 1448 Haec
516 1412 606 1446 enim
631 1410 701 1445 duo
721 1408 868 1455 separari
883 1407 1037 1455 possunt,
1065 1420 1096 1443 et
1115 1407 1213 1454 saepe
1231 1407 1359 1454 saepius
1379 1408 1557 1454 contingit,
1585 1420 1622 1443 ut
1637 1409 1676 1449 is,
1703 1410 1763 1453 qui
1780 1420 1857 1454 reg·

247 1465 350 1501 nandi
367 1464 420 1511 jus
439 1461 745 1504 auHoritatemque
765 1459 891 1504 regiam
913 1457 1073 1503 poffidet‚
1101 1469 1245 1502 regnum
1263 1456 1337 1502 ipse
1354 1469 1423 1492 non
1444 1456 1672 1496 administret,
1701 1457 1752 1492 vel
1776 1458 1856 1503 quia

246 1528 317 1551 non
342 1512 469 1561 porest,
498 1523 553 1549 ut,
580 1508 675 1544 verbi
703 1508 824 1553 gratia,
852 1506 874 1540 fi
901 1505 938 1540 fit
958 1505 1117 1551 impubes
1135 1516 1192 1542 aut
1207 1503 1380 1546 furiosus,
1409 1505 1462 1539 vel
1480 1508 1561 1551 quia
1579 1520 1667 1543 onus
1689 1506 1859 1554 guberna.

246 1565 349 1602 tionis
369 1565 401 1597 in
421 1562 525 1596 alium
541 1555 728 1594 transferre
744 1555 845 1590 satius
862 1554 1032 1601 judicavit.

346 1612 502 1655 Denique
525 1609 626 1643 Ozias
653 1618 721 1640 non
748 1604 794 1639 est
817 1605 971 1650 privatus
988 1602 1278 1639 administratione
1294 1603 1390 1648 regni
1410 1616 1473 1649 per
1491 1603 1684 1639 sententiam
1703 1603 1858 1640 sacerdo-

250 1675 345 1702 tum,
374 1660 428 1695 sed
455 1657 526 1705 ipse
553 1669 630 1692 cum
654 1655 766 1690 senior
791 1654 858 1700 jam
884 1653 977 1691 esset,
1002 1666 1038 1688 ac
1064 1654 1097 1688 vi
1113 1653 1227 1687 morbi
1246 1664 1446 1697 urgeretur,
1475 1667 1533 1688 nec
1555 1652 1663 1699 posset
1685 1655 1720 1687 in
1738 1653 1857 1699 publi-

247 1724 325 1749 cum
345 1710 502 1757 prodire,
533 1719 564 1742 et
582 1718 658 1741 cum
678 1705 824 1744 caeteris,
854 1704 911 1748 qui
929 1715 1006 1738 eum
1023 1702 1205 1737 abominati
1223 1701 1368 1741 fuissent,
1388 1702 1531 1743 versari,
1560 1703 1663 1738 satius
1678 1702 1739 1736 effe
1759 1703 1854 1737 duxit

211 1797 214 1799 Α
245 1763 282 1798 in
312 1760 420 1795 filium
445 1756 769 1792 administrationem
792 1753 887 1798 regni
906 1751 1110 1793 transferre3
1139 1763 1244 1795 quare
1263 1751 1297 1785 id
1317 1749 1397 1786 fecit
1416 1764 1486 1787 non
1509 1754 1624 1797 aliquo
1645 1751 1858 1787 sacerdotum

246 1810 376 1860 judicio
405 1806 560 1847 coaetus,
588 1804 642 1839 sed
667 1803 782 1850 sponte
801 1814 837 1837 ac
852 1802 989 1842 lubens,
1016 1800 1129 1837 morbi
1149 1812 1223 1836 tum
1242 1801 1394 1846 pudore,
1421 1811 1498 1836 tum
1517 1803 1680 1847 gravitate
1697 1801 1738 1836 ad
1757 1801 1790 1835 id
1809 1799 1857 1835 fa-

249 1860 407 1896 ciendum
426 1854 608 1903 impulsus:
639 1867 676 1888 ex
693 1852 816 1898 quibus
833 1851 968 1886 abunde
984 1851 1101 1897 liquet,
1116 1850 1182 1886 hoc
1199 1850 1391 1896 exemplum
1407 1863 1426 1884 a
1445 1851 1651 1886 Bellarmino
1671 1850 1857 1896 prolatum,

248 1908 465 1957 propositum
489 1906 559 1954 ejus
578 1903 765 1939 nullatenus
783 1902 951 1948 adjuvare.

349 1956 539 1992 Secundum
561 1953 753 1999 exemplum
775 1964 792 1986 a
814 1951 1019 1986 Bell-ermino
1036 1949 1166 1995 petitur
1181 1960 1219 1981 ex
1236 1946 1292 1981 lib.
1311 1946 1455 1983 secundo
1474 1948 1700 1994 Paralip.cap.
1721 1960 1736 1980 2
1749 1960 1776 1992 3.
1795 1948 1854 1983 ubi

249 2009 379 2052 inquit:
410 2008 488 2041 Cum
517 2005 657 2039 Atlialia
683 2003 860 2048 tyrannice
881 1999 1058 2046 occupaffet
1076 2008 1235 2046 regnum,
1265 2006 1297 2031 et
1308 2000 1452 2043 foveret
1467 1999 1587 2033 cultum
1609 1998 1704 2034 ΒααΙ,
1726 1998 1856 2038 Joiada

247 2060 405 2104 pontifex
423 2056 556 2089 vocavit
572 2054 781 2086 centuriones
799 2058 832 2085 et
851 2052 983 2086 milites,
1001 2057 1035 2083 et
1052 2048 1146 2096 juffit
1167 2049 1224 2086 eis,
1245 2054 1283 2080 ut
1300 2047 1475 2082 Athaliam
1496 2046 1741 2090 interficerent,
1768 2048 1856 2093 quod

249 2117 283 2142 et
307 2108 487 2152 fecerunt,
517 2110 550 2137 et
568 2113 631 2147 pro
650 2112 687 2134 ea
706 2100 804 2140 Joam
822 2110 933 2146 regem
951 2100 1094 2134 creavit.
1147 2095 1241 2131 Idem
1258 2095 1452 2140 exemplum
1478 2107 1603 2141 urgent
1627 2095 1797 2130 Sanderus
1821 2107 1853 2130 et

250 2158 420 2194 Bantius,
449 2163 479 2187 et
497 2165 533 2186 ex
553 2162 592 2184 eo
610 2149 756 2196 probare
784 2147 924 2189 volunt.
958 2148 1059 2185 licere
1081 2145 1214 2187 summo
1239 2143 1396 2192 pontifici
1421 2146 1458 2181 iu
1482 2157 1596 2192 reges,
1624 2143 1716 2191 quod
1746 2144 1849 2182 licuit

249 2205 389 2257 Joi'adae
404 2205 439 2240 in
458 2200 638 2241 Athanam.
1348 2213 1350 2215 »

1758 2274 1854 2349 Λεχ-

1956 703 1961 711 .
1953 669 1961 683 z
1958 647 1961 657 ..
1946 515 1961 638 “ace-&ud
1952 454 1961 503 zu*-
1960 440 1961 445 Α
1952 401 1961 431 v-v.
1952 371 1955 377 ·
