2022 2733
276 205 785 242 DISSERTATIONES
821 204 1167 242 HIS'TORICAE.
1200 207 1442 243 Disstttr.VI.-
1572 218 1642 254 3²9

66 289 186 327 fuiffit
207 301 243 326 -et
262 292 395 328 decreta
411 291 533 333 emissa,
547 292 638 328 nulla
654 293 802 339 amplius
820 293 979 329 adversus
997 307 1033 330 ea
1054 294 1252 341 protestatio
1272 295 1359 332 facia
1376 297 1431 339 est,
1444 299 1515 334 imo
1534 300 1691 337 omnium

67 340 233 377 consensu
248 344 465 389 promulgata
483 342 571 384 fuit,
598 354 631 377 et
646 343 687 378 ab
709 343 870 378 omnibus
888 344 983 380 nullo
1002 345 1201 381 reclamante
1219 348 1372 392 probata.

215 393 263 426 Ex
282 393 335 427 his
352 393 500 432 abunde,
529 394 565 427 ni
578 392 699 432 fallor,
727 391 996 429 demonstratum
1023 393 1092 436 est,
1122 394 1200 430 illos
1226 395 1320 443 ipsos
1349 398 1615 433 commentarios
1636 396 1689 445 sy.

64 439 151 476 nodi
168 440 452 482 Constanti-ensis,
497 443 595 486 quia
621 440 821 477 Schelstrato
847 443 973 488 prolati
1002 442 1099 481 sunt,
1144 443 1293 481 nostram
1329 444 1536 482 confirmare
1569 449 1688 493 potius

67 501 169 534 quam
187 489 362 525 infirmare
380 490 588 526 sententiam.
643 490 745 524 Nihil
767 492 843 525 dico
865 491 907 525 de
923 491 1182 537 protestatione,
1212 507 1298 538 quae
1325 496 1494 540 sequitur,
1532 493 1688 540 faciaque

67 539 193 575 dicitur
210 539 285 585 post
304 539 480 576 seffionem
499 547 573 583 38„
602 551 667 583 qua
686 540 837 573 nationes
859 541 992 581 Italica,
1020 541 1209 586 Hispanica
1235 555 1266 578 et
1286 544 1461 579 Gallicana
1486 543 1688 590 pontificem

55 588 150 635 „eligi
168 588 358 636 postulant:
386 589 467 624 haec
484 590 573 622 enim
591 600 608 621 a
629 587 810 633 proposito
832 590 975 623 omnino
993 588 1099 623 aliena
1117 587 1172 624 est.

218 640 298 673 Duo
315 637 394 673 sunt
416 637 558 684 alicujus
584 637 769 674 momenti,
797 648 884 681 quae
910 637 1009 672 nobis
1032 639 1183 683 opponit
1212 638 1428 675 schelstratus
1450 665 1457 679 ,
1484 652 1592 677 unum
1620 642 1665 677 est
1681 671 1688 684 ,

65 698 137 722 non
155 683 254 722 fuisse.
274 685 477 723 sufficienter
497 685 740 726 deliberatum,
769 684 825 720 sed
846 696 987 724 tantum,
1004 697 1043 721 ut
1065 686 1210 722 habetur
1226 688 1260 721 in
1283 687 1353 723 istis
1371 687 1452 724 affls
1472 692 1689 738 aliqualiter,-

64 737 209 772 alterum
227 736 366 771 recitata
382 735 481 771 fuisse
499 734 643 771 seffiom's
665 746 695 779 5.
726 735 860 770 decreta
877 748 942 781 per
959 734 1102 771 elestum
1120 738 1382 773 Poznan'iensem
1395 764 1403 778 ‚
1432 741 1511 787 quia
1537 741 1689 776 cardina-

64 785 107 820 lis
121 785 344 820 -Florentinus
361 785 417 820 illa
437 785 552 821 noluit
570 787 818 832 pronunciare,
847 785 936 821 unde
953 785 1144 825 concludit,
1179 786 1322 823 istorum
1349 787 1566 826 decretorum
1591 803 1689 826 auto-

63 835 200 871 ritatem
221 834 398 871 infirmari.

216 887 347 920 Verum
374 884 454 920 haec
472 884 560 925 duo,
586 884 666 920 licet
682 885 728 920 ita
745 885 778 920 se
796 885 974 927 haberent,
1003 897 1075 921 non
1093 885 1180 922 tanti
1196 885 1409 926 viderentur,
1444 899 1483 924 ut
1503 899 1687 936 propterea

66 932 284 970 decretorum
303 935 443 970 concilii
464 935 627 970 autoritas
646 937 783 980 penitus
799 934 980 970 labefieret.
1034 939 1127 971 Nam
1147 936 1262 982 primo
1282 948 1414 972 certum
1431 936 1493 978 est,
1525 940 1689 984 quae-,stio-

65 994 146 1018 nem
161 981 259 1018 istam
279 983 321 1018 de
338 985 518 1019 autoritate
534 984 670 1019 concilii
692 996 820 1019 novam
835 997 904 1020 non
922 982 1042 1022 fuiss‘e‚
1076 984 1130 1020 sed
1155 986 1223 1032 jam
1250 988 1410 1031 agitatam
1436 998 1536 1032 atque
1568 989 1689 1026 defini-

64 1041 135 1068 tam
152 1033 188 1067 in
206 1032 352 1068 concilio
363 1033 494 1073 Pisano,
514 1034 587 1068 imo
608 1045 639 1067 et
655 1034 689 1067 in
707 1033 768 1068 hac
785 1032 857 1078 ipsa
874 1033 1007 1081 synodo
1025 1033 1271 1070 Constantienfi
1289 1035 1356 1082 jam
1371 1047 1521 1075 motam,
1545 1049 1584 1073 ut
1600 1039 1689 1074 testis

69 1081 116 1116 est
134 1084 254 1117 Petrus
273 1082 312 1116 de
330 1081 487 1117 Alliaco:
525 1082 658 1116 Deinde
675 1094 756 1117 vero
777 1082 919 1123 constat,
955 1083 1103 1128 capitula
1128 1084 1306 1129 proposita
1336 1096 1367 1120 et
1391 1086 1524 1121 decreta
1547 1087 1686 1124 seffione

67 1142 102 1173 4.
121 1142 154 1166 et
177 1143 205 1176 ς.
235 1133 323 1166 inter
341 1132 494 1166 nationes
513 1131 666 1177 primurn
685 1129 785 1166 fuisse
801 1132 973 1173 ventilata,
1000 1144 1037 1166 ac
1052 1131 1095 1167 de
1110 1132 1151 1167 iis
1179 1145 1256 1168 cum
1283 1134 1514 1187 cardinalibus
1536 1137 1596 1172 diu
1619 1138 1686 1174 dis-

66 1189 253 1226 ceptatum.
309 1180 413 1224 Quod
432 1192 513 1216 vero
537 1180 571 1214 in
591 1179 675 1216 astis
692 1180 855 1222 habetur,
883 1183 1083 1229 aliqualiter
1110 1183 1177 1229 effe
1203 1183 1432 1229 disputatum,
1472 1198 1541 1221 non
1564 1187 1608 1222 ita
1633 1188 1687 1222 in-

65 1229 289 1276 telligendum
307 1229 398 1275 quali
417 1229 534 1264 leviter
551 1241 604 1263 res
621 1231 745 1274 agitata
764 1227 888 1271 fuerit,
925 1231 981 1265 sed
1005 1230 1118 1265 sensus
1144 1231 1189 1266 est
1215 1244 1284 1267 non
1308 1235 1451 1279 proprie
1477 1234 1686 1281 disputatum

64 1289 122 1314 aut
149 1278 342 1315 altercatum
365 1276 482 1317 fuisse,
510 1276 567 1312 sed
586 1287 716 1312 tantum
736 1277 967 1321 aliquatenus,
996 1279 1062 1313 hoc
1079 1277 1124 1313 est
1147 1292 1218 1314 rem
1250 1282 1445 1317 ventilatam
1473 1282 1543 1318 line
1573 1285 1687 1332 dispu-

64 1329 202 1365 tationis
222 1328 321 1363 aestu.
376 1325 482 1370 Quod
498 1337 578 1361 vero
602 1324 750 1360 secundo
772 1326 848 1361 loco
872 1327 982 1367 addit,
1004 1328 1140 1362 recitata
1163 1327 1263 1362 fuisse
1288 1330 1436 1375 capitula
1459 1343 1523 1376 per
1540 1332 1687 1372 decium

63 1375 351 1417 Poznaniensem,
378 1379 457 1423 quia
476 1374 661 1411 cardinalis
677 1375 896 1411 Florentium
913 1379 1022 1411 noluit
1039 1388 1076 1411 ea
1093 1380 1256 1419 recitare,
1285 1391 1354 1414 non
1373 1380 1516 1416 habetur
1543 1383 1579 1416 in
1605 1382 1687 1421 astis

9 1446 12 1448 ·
63 1426 219 1468 concilii,
248 1425 304 1462 sed
323 1436 456 1462 tantum
480 1438 516 1460 ea
532 1422 630 1460 fuisse
650 1425 785 1461 recitata
802 1437 820 1459 a
838 1425 998 1461 cardinali
1009 1426 1247 1461 Poznaniensi:
1275 1440 1396 1465 verum
1416 1430 1566 1466 voluerit
1583 1445 1687 1470 necne

63 1475 284 1513 Elorentinus
299 1488 338 1511 ea
355 1475 505 1514 recitari,
533 1474 617 1508 nihil
634 1474 676 1509 ad
694 1486 784 1510 rem:
811 1472 934 1512 sufficit
951 1488 987 1511 ea
1004 1476 1164 1512 mandato
1184 1478 1322 1514 concilii
1350 1480 1494 1516 universi
1512 1479 1611 1518 fuisse
1636 1497 1685 1519 re-

65 1527 186 1569 citata,
214 1537 245 1561 et
261 1524 301 1560 ab
319 1524 503 1560 astantibus
518 1523 670 1569 probata.
934 1550 940 1551 ⁷

223 1577 318 1619 Quae
335 1586 418 1609 vero
440 1572 546 1608 fuerit
565 1571 808 1615 cardinalium,
833 1573 1044 1616 Florentini,
1071 1577 1320 1615 Cameracensis
1345 1589 1376 1615 et
1400 1579 1546 1616 aliorum
1570 1593 1685 1624 mens.

70 1636 140 1670 qua
155 1624 196 1659 de
212 1622 310 1660 causa
328 1621 484 1658 seffioncs
502 1622 688 1668 prorogari
706 1621 896 1663 voluerint,
923 1635 1014 1668 patet
1031 1635 1103 1660 tum
1133 1639 1172 1660 ex
1197 1626 1278 1662 affls
1303 1630 1438 1664 concilii
1455 1630 1686 1666 Constantien-

67 1674 109 1709 sis
126 1684 210 1716 tom.
234 1685 288 1708 12.
307 1671 440 1708 Concil.
459 1672 523 1706 col.
547 1683 602 1715 25.
621 1683 696 1706 tum
715 1672 814 1706 etiam
833 1684 871 1706 ex
890 1672 1131 1717 protestatione
1156 1675 1197 1710 ab
1221 1676 1299 1722 ipfis
1319 1677 1430 1714 emissa
1455 1678 1531 1724 post
1552 1682 1684 1716 tertiam

66 1722 239 1759 seffionem
256 1721 382 1757 ibidem
397 1720 457 1757 col.
481 1725 587 1765 1464.
641 1723 690 1756 Ex
707 1720 831 1766 quibus
843 1724 1074 1757 monumentis
1091 1723 1216 1768 liquet,
1244 1738 1301 1761 eos
1320 1726 1520 1773 protestatos
1540 1729 1611 1769 effe,
1631 1729 1683 1766 se,

67 1772 92 1809 fi
112 1774 258 1819 joannes
273 1774 398 1808 XXIII.
423 1771 521 1807 vellet
538 1772 571 1806 in
590 1770 768 1818 proposito
795 1769 861 1805 sese
889 1770 1068 1806 abdicandi
1093 1785 1313 1818 permanere,
1342 1777 1382 1811 ab
1398 1776 1502 1822 ipsius
1526 1778 1684 1823 partibus

66 1821 220 1859 futuros.
270 1823 304 1856 Si
330 1833 412 1856 vero
431 1819 523 1856 secus
545 1818 691 1861 faceret,
719 1819 753 1855 se
781 1819 924 1855 concilio
957 1820 1158 1857 adhaesuros
1188 1834 1288 1868 atque
1314 1825 1444 1861 idcirco
1475 1826 1622 1872 petiisse,
1650 1840 1688 1864 ut
1720 1856 1723 1859 ,

67 1871 177 1908 donec
195 1870 237 1906 de
254 1870 324 1918 ejus
334 1869 513 1917 proposito
524 1871 690 1916 liqueret,
719 1868 871 1905 seffiones
891 1868 1123 1906 differrentur.
1153 1874 1227 1907 Has
1244 1884 1355 1909 tamen
1374 1876 1554 1911 concilium
1575 1889 1686 1925 prop-

66 1931 156 1957 terea
173 1922 355 1956 intermitti
374 1920 497 1955 debere
514 1933 581 1956 non
601 1919 816 1960 existimavit,
845 1931 876 1954 et
896 1920 1081 1955 cardinales
1102 1933 1169 1968 pro
1190 1922 1282 1958 bono
1302 1925 1392 1970 pacis
1412 1926 1458 1960 eis
1482 1923 1685 1964 adfuerunt.

68 1983 215 2016 cumque
232 1967 483 2016 cognovill'ent,
511 1972 676 2018 Joannem
694 1971 816 2005 XXIII.
845 1969 886 2004 de
905 1968 1069 2005 industria
1085 1983 1198 2006 moras
1224 1971 1361 2009 neuere
1378 1985 1409 2009 et
1433 1986 1563 2021 papatu
1588 1976 1684 2011 cede.

70 2033 108 2057 re
124 2020 214 2056 bona
232 2018 299 2054 fide
317 2019 415 2060 nolle,
436 2030 513 2054 cum
534 2020 671 2057 caeteris
692 2017 863 2065 episcopis
879 2018 1036 2054 adversus
1053 2033 1130 2055 eum
1147 2021 1401 2060 consenserunt.
1455 2027 1573 2069 ltaque
1592 2026 1683 2061 nulla

70 2069 139 2106 fuit
155 2071 192 2105 in
211 2067 346 2116 synodo
364 2069 536 2104 altercatio
565 2070 605 2105 de
621 2070 797 2104 autoritate
813 2068 944 2103 concilii
961 2070 1125 2115 generalis
1145 2069 1245 2118 supra
1263 2085 1393 2119 papam
1403 2092 1418 2111 f
1440 2086 1540 2118 quam
1564 2088 1682 2110 omnes

70 2117 309 2165 agnoscebant,
337 2117 393 2154 sed
411 2129 542 2154 tantum
571 2119 611 2154 de
628 2118 850 2155 celebratione
874 2116 1070 2160 seffionum,
1098 2132 1182 2165 quas
1209 2121 1391 2158 cardinales
1416 2123 1575 2160 nonnulli
1601 2137 1683 2169 pro·

72 2168 240 2214 rogandes
267 2166 331 2205 ess'e
355 2167 608 2207 arbitrabantur
624 2194 633 2211 ‚
676 2168 786 2218 donee
821 2167 863 2203 de
888 2166 1058 2215 pontificis
1089 2168 1253 2210 sententia
1279 2183 1311 2209 et
1335 2184 1448 2210 mente
1472 2173 1572 2220 plane
1603 2185 1681 2215 conf

71 2215 207 2256 ssmss'et.

831 2306 867 2350 T
894 2315 907 2341 t
1277 2296 1282 2309 Ι
1590 2315 1632 2356 Et
