1982 2739
295 210 369 245 Μ
516 199 589 236 ne
616 196 881 240 ANTIQVA
905 189 1221 231 EchESIAE
1245 188 1579 226 nisctemNA

241 306 354 342 porro
373 291 427 326 ille
447 288 586 326 istorum
605 288 721 335 potius
740 296 841 331 quam
859 283 1005 318 aliorum
1025 281 1244 317 sememiam.·
1285 281 1418 319 Primo,
1446 279 1526 324 quia
1542 277 1723 312 ordinatus
1742 274 1854 311 fuerat

243 360 263 380 ι
282 344 421 379 Paulino
442 341 545 375 trium
565 335 790 386 hypostaseon
809 333 911 370 hoste,
932 334 991 377 qui
1009 333 1218 368 occidentem
1236 341 1267 365 et
1278 334 1474 377 Aegyptum
1486 326 1721 375 hypostasibus
1739 328 1854 361 minus

244 402 392 439 aequum
415 389 576 425 effecerat.
605 385 773 424 Secundo,
801 385 880 428 quia
898 381 1050 419 timebat,
1070 394 1112 416 ne
1135 381 1274 416 nornine
1294 377 1508 426 hypostaseos
1526 377 1632 421 aliqui
1651 389 1721 411 non
1738 374 1858 421 perso-

247 455 344 482 nam,
374 440 428 475 sed
447 437 663 474 substantiam
681 432 918 481 significarent.
966 432 1070 476 Quod
1087 444 1170 465 vero
1190 432 1252 464 ait:
1287 433 1393 474 super
1410 429 1500 462 illam
1516 435 1647 472 petram
1663 424 1858 467 adificatam

247 491 401 538 ecclefiam
419 489 503 534 scio.-
529 490 724 536 quicumque
739 492 842 519 extra
855 483 940 519 Itane
958 482 1087 516 domum
1105 480 1286 515 comederit
1301 488 1438 525 agnum,
1454 475 1647 522 prophanus
1657 474 1717 520 est:
1739 473 1767 521 fi
1784 476 1859 522 quit

247 545 285 576 in
310 552 389 575 arca
409 540 482 573 Noe
499 549 565 572 non
585 537 645 582 est,
670 533 801 580 peribit
822 541 990 579 regnante
1012 531 1152 565 diluvio.
1183 530 1323 563 Dictum
1348 524 1393 561 est
1411 524 1563 560 officiose
1583 536 1615 559 et
1633 536 1697 570 per
1715 534 1859 568 exagge-

249 592 426 626 rationem.
461 585 594 621 Deinde
613 584 647 618 id
664 595 734 618 non
752 581 879 628 probat
904 579 988 613 sedis
1010 582 1180 614 Romanae
1196 576 1392 612 sententiam
1411 573 1626 609 infallibilem
1648 570 1710 607 effe
1729 570 1860 618 semper

252 640 333 675 fidei
351 636 524 682 regulam,
553 632 610 668 sed
636 632 676 667 ad
694 630 867 666 summurn
885 629 1060 664 ordinario
1079 627 1330 662 adhaerendum
1347 623 1410 659 effe
1427 625 1574 660 Rotnani
1590 620 1768 668 pontificis
1787 620 1862 656 sen·

251 689 391 726 tentiae,
419 696 546 733 eosque
572 683 630 727 qui
653 693 672 715 a
691 679 766 715 sede
790 677 969 725 apostolica
997 676 1162 714 diffident,
1181 679 1216 711 in
1244 675 1438 723 periculum
1462 671 1653 707 schismatis
1669 671 1806 712 venite,
1831 680 1864 704 at

254 738 342 774 nihil
367 735 402 770 id
428 733 509 770 facit
537 732 578 766 ad
601 729 701 765 fidem
723 740 756 763 et
773 728 907 775 judium
928 729 1072 762 Romani
1092 728 1262 772 episcopi,
1292 724 1348 759 sed
1369 734 1497 758 tantum
1515 722 1555 757 ad
1570 722 1865 756 communionem.

251 787 411 830 Denique
437 781 656 830 perspicuum
683 778 727 812 est
756 790 794 811 ex
816 775 926 816 distis,
945 788 1007 810 cur
1033 777 1269 822 Hieronymus
1284 774 1431 808 Romani
1444 769 1599 817 episcopi
1617 771 1803 816 imperium
1826 768 1867 803 ad

251 849 319 874 tres
331 832 525 883 hypostases
541 827 750 876 profitendas
768 823 979 869 exspefilarit,
1002 826 1135 869 quippe
1153 823 1316 857 sentiebat
1325 821 1556 865 quaestionem
1573 817 1637 853 effe
1655 819 1696 853 de
1715 819 1867 858 nomine,

258 885 346 922 nihil
375 882 455 918 mali
478 879 553 916 effe,
577 877 599 911 fi
625 887 693 910 tres
712 871 906 922 hypostases
932 872 1024 906 bono
1044 871 1138 906 sensu
1161 870 1403 917 profiteretur,
1430 880 1550 902 verum
1576 879 1654 902 cum
1679 868 1713 901 id
1733 868 1772 902 ab
1792 865 1868 913 ipso

259 937 466 981 exigeretur,
494 925 630 963 nolebat
649 924 684 958 id
702 922 831 963 facere,
859 922 938 966 quia
959 932 1039 955 curn
1059 920 1236 956 occidente
1257 932 1288 954 et
1314 924 1476 965 Aepypto
1494 915 1784 957 communicabat,
1811 917 1869 960 qui

255 984 325 1021 tres
342 993 410 1016 non
429 977 584 1013 dicebant
602 971 816 1021 hypostases,
845 969 1024 1015 fueratque
1043 970 1221 1005 ordinatus
1238 982 1256 1004 a
1273 968 1416 1003 Paulino
1433 970 1537 1002 trium
1566 964 1794 1014 hypostasium
1813 965 1870 999 ad-

254 1031 422 1068 versario:
449 1025 589 1074 ipseque
611 1022 799 1070 peculiares
826 1019 969 1055 habebat
993 1021 1189 1055 inimicitias
1206 1031 1282 1054 cum
1301 1019 1358 1058 iis,
1376 1017 1438 1063 qui
1456 1028 1533 1052 tres?
1547 1015 1700 1050 dicebant
1717 1014 1873 1062 hyposta-

255 1083 317 1120 ses,
371 1077 464 1123 Quid
486 1074 596 1114 aliud,
623 1070 764 1119 quaeso,
790 1081 923 1117 poterat
938 1068 1067 1107 facere,
1083 1081 1161 1104 cum
1180 1069 1221 1104 ab
1241 1070 1288 1103 eis
1308 1078 1507 1113 urgeretur,
1535 1077 1573 1100 ut
1589 1076 1656 1100 tres
1674 1062 1871 1112 hypostases

257 1134 400 1170 diceret,
428 1139 530 1172 quam
547 1137 566 1160 a
581 1126 738 1158 Romano
764 1119 927 1167 episcopo
945 1131 1077 1165 petere,
1097 1131 1180 1153 num
1201 1117 1317 1158 vellet,
1346 1129 1429 1152 num
1445 1115 1587 1163 juberet,
1606 1126 1643 1150 ut
1660 1124 1729 1149 tres
1748 1113 1871 1149 diceret

259 1177 474 1230 hypostases3
503 1186 581 1209 nam
601 1173 623 1208 si
643 1173 725 1207 citra
742 1171 813 1218 ejus
830 1169 1068 1204 austeritatem
1088 1168 1123 1203 id
1143 1166 1290 1208 feciffet,
1325 1165 1414 1202 visus
1433 1165 1546 1201 suilset
1561 1165 1603 1200 ab
1619 1163 1767 1199 eeclesiae
1783 1163 1873 1199 occi-

259 1228 401 1268 dentalis
422 1238 453 1261 et
471 1224 660 1271 Aegyptiae
680 1220 923 1255 communione
949 1217 1134 1258 discedere,
1162 1218 1257 1263 quod
1275 1217 1450 1263 imprimis
1469 1214 1605 1250 cavebat
1623 1227 1631 1247 ι
1659 1225 1742 1259 ergo
1762 1214 1873 1259 impe-

262 1283 355 1317 rium
373 1287 405 1311 et
429 1274 597 1322 judicium
615 1270 760 1306 Romani
779 1267 932 1312 episcopi
958 1280 1028 1302 non
1055 1265 1224 1311 expeGat,
1243 1278 1280 1302 ut
1305 1265 1501 1301 sententiam
1521 1263 1608 1299 ferat
1623 1263 1664 1298 de
1685 1261 1876 1308 quaestione

263 1331 352 1364 circa
366 1336 433 1360 tres
452 1318 646 1369 hypostases
659 1333 669 1352 .·
695 1315 768 1362 ipse
788 1317 878 1359 enim
895 1314 1028 1352 sciebat,
1046 1314 1129 1357 quid
1147 1315 1189 1348 de
1205 1327 1242 1349 ea
1260 1314 1337 1348 esset
1354 1314 1580 1352 sentiendum,
1614 1322 1647 1345 et
1661 1323 1735 1346 ante
1744 1310 1876 1346 Damasi

265 1372 518 1423 responiionem
541 1368 639 1403 suum
665 1366 787 1401 tulerat
811 1363 992 1412 judicium,
1027 1361 1083 1397 sed
1109 1362 1243 1398 volebat
1267 1363 1337 1410 ejus
1356 1360 1592 1397 austeritatem
1610 1359 1744 1401 habere,
1772 1371 1877 1405 quam

265 1421 490 1464 orientalibus
510 1427 714 1465 opponeret.

364 1470 443 1509 Post
460 1468 718 1515 Hieronymum
731 1459 912 1508 profertur
921 1460 1141 1506 Augustinus,
1157 1461 1218 1505 qui
1238 1459 1335 1495 serm.
1354 1471 1388 1496 α.
1402 1459 1442 1495 de
1456 1458 1569 1495 verbis
1589 1458 1722 1495 domini
1735 1471 1809 1506 cap.
1823 1471 1878 1496 xo.

269 1526 352 1568 &am
369 1524 456 1558 enim
471 1543 482 1560 ,
509 1517 639 1562 inquit,
665 1514 709 1549 de
726 1513 786 1547 hae
811 1512 905 1555 causa
921 1512 1058 1557 Pelagii
1074 1519 1174 1556 atque
1192 1509 1359 1555 Caelqftii,
1385 1509 1451 1544 duo
1468 1511 1606 1544 concilia
1625 1510 1722 1557 miffa
1733 1511 1816 1555 sunt
1834 1508 1881 1544 ad

265 1574 375 1621 sedem
393 1567 619 1617 apostolicam,
647 1562 726 1597 inde
744 1562 845 1595 etiam
861 1559 1026 1605 rescripta
1041 1567 1221 1598 venerunt,
1241 1558 1339 1601 causa
1353 1556 1460 1601 finita
1478 1557 1530 1600 eft,
1557 1569 1654 1592 error
1671 1561 1801 1593 utinam
1818 1555 1882 1597 ‹ili-¹

267 1619 400 1674 quando
419 1616 575 1659 finiatur.
629 1610 733 1647 Unde
750 1608 924 1652 inquiunt,
949 1619 1026 1643 cum
1045 1605 1177 1644 finitam
1196 1616 1293 1653 putet
1307 1607 1518 1652 Augustinus
1533 1604 1666 1641 causam
1681 1604 1761 1642 fidei
1778 1618 1882 1651 quan-

270 1673 317 1707 do
337 1667 414 1717 post
439 1664 581 1701 concilia
604 1660 694 1697 sedes
718 1656 902 1705 apostolica
934 1656 1112 1704 judicavit,
1150 1655 1335 1692 dicendum
1363 1655 1409 1691 est
1431 1655 1532 1703 hujus
1551 1653 1615 1690 effe
1633 1654 1833 1702 supremum
1853 1666 1884 1692 et

273 1717 427 1756 infallibe
451 1714 628 1749 'udiciunn

370 1728 594 1812 Respjondeo,
617 1759 749 1794 finitam
771 1756 837 1791 diei
854 1754 986 1791 causam
1003 1753 1261 1802 Pelagianorum
1287 1753 1363 1800 post
1387 1754 1614 1791 conciliorum
1629 1765 1665 1790 et
1682 1753 1885 1801 apostolica

274 1817 361 1855 sedis
385 1815 571 1864 judicium,
597 1822 668 1846 non
694 1807 790 1853 quod
817 1805 952 1840 nullum
970 1803 1127 1850 superius
1145 1802 1218 1838 esset
1235 1803 1396 1850 judicium
1408 1830 1416 1844 ,
1444 1803 1598 1850 superius
1616 1805 1707 1839 enim
1723 1804 1885 1851 agnoscit.

278 1869 316 1904 in
342 1865 443 1901 fimili
466 1860 564 1899 causa
587 1856 818 1905 Augustinus,
842 1866 920 1890 cum
946 1855 1010 1891 ait,
1038 1852 1114 1900 post
1137 1852 1301 1900 judicium
1327 1856 1497 1888 Romanae
1526 1853 1609 1889 sedis
1627 1854 1738 1889 adhue
1756 1853 1884 1890 restass'e

278 1915 470 1964 plenarium
497 1909 648 1947 ecclefiae
669 1905 872 1945 concilium,
897 1903 954 1938 sed
983 1903 1061 1949 quia
1081 1902 1157 1950 post
1174 1901 1425 1938 damnationem
1444 1904 1589 1939 Romani
1605 1901 1778 1950 pontificis
1797 1903 1884 1940 Pela-

281 1967 467 2012 gianorum
489 1958 586 1996 causa
603 1957 699 1994 omni
722 1952 917 1990 defenfione
936 1951 1077 1999 spoliata
1096 1961 1179 1988 erat.
1230 1954 1324 1987 Nam
1344 1962 1525 1997 antequam
1543 1965 1562 1987 a
1579 1954 1724 1988 Zozimo
1741 1951 1886 1999 proscri-

281 2025 362 2061 ptus
382 2009 491 2046 fuisset
517 2005 714 2044 Caelestius,
739 2002 939 2053 jaffitabant
963 2001 1133 2049 Pelagiani
1157 1999 1188 2035 se
1216 2013 1234 2034 a
1258 2003 1413 2037 Romano
1440 2000 1600 2048 episcopo
1616 2013 1648 2038 et
1665 2002 1782 2038 multis
1800 2003 1885 2038 occi·

283 2059 469 2098 dentalibus
494 2057 652 2103 probari,
679 2053 740 2089 ubi
766 2064 850 2086 vero
868 2051 908 2086 ab
927 2050 990 2087 isto
1003 2050 1166 2098 pontifice
1188 2049 1341 2096 Pelagius
1360 2062 1391 2086 et
1408 2049 1589 2086 Caelestius
1607 2063 1720 2098 aperte
1738 2051 1886 2087 damnati

282 2111 378 2149 sunt,
403 2108 475 2158 jam
501 2103 693 2141 defensione
718 2103 812 2138 omni
838 2101 1012 2142 carebant,
1040 2112 1078 2136 ac
1095 2110 1278 2146 propterea
1291 2098 1386 2134 finita
1403 2100 1469 2135 dici
1484 2112 1619 2146 poterat
1637 2112 1758 2135 eorum
1777 2098 1887 2143 causa,

283 2161 365 2208 quia
384 2157 537 2194 unanimi
556 2151 716 2190 consensu
734 2152 774 2185 ab
792 2150 953 2185 omnibus
970 2148 1235 2186 occidentalibus
1253 2148 1520 2190 damnabantur,
1553 2161 1661 2196 porro
1678 2159 1811 2185 tantum
1828 2149 1888 2185 ab-

283 2209 347 2248 est,
363 2217 403 2243 ut
421 2202 629 2252 Augustinus
647 2200 812 2247 scripserit
836 2200 922 2235 hane
939 2198 1075 2235 causam
1088 2197 1215 2233 finitam
1234 2195 1298 2232 esse
1313 2198 1442 2245 judicio
1461 2196 1546 2233 sedis
1562 2196 1780 2244 apostolicae,
1806 2200 1887 2244 quin

285 2259 483 2306 supremum
505 2265 573 2291 etat
598 2263 629 2289 et
653 2249 851 2289 infallibile.
877 2261 914 2286 ut
941 2248 1011 2297 ipse
1034 2248 1075 2285 de
1092 2259 1129 2284 ea
1147 2247 1247 2290 dicat,
1266 2246 1359 2294 quod
1377 2246 1400 2284 fi
1419 2247 1459 2283 de
1469 2247 1630 2286 Caelestia
1647 2258 1678 2284 et
1697 2247 1831 2293 Pelagio
1847 2249 1886 2285 i·

1768 2298 1838 2342 ¹302
1864 2344 1870 2347 ,
