1961 2718
279 198 347 236 με
549 189 621 224 DE
647 183 933 230 ANTIQUA
958 180 1244 217 ECCLESIAE
1271 181 1609 220 DISC1PL1NA

330 284 406 316 Nec
431 291 512 314 vcro
541 274 805 322 dispensationes
834 285 1004 309 canonum
1023 285 1040 307 a
1056 272 1278 319 pontificibus
1298 271 1383 306 olim
1399 271 1476 306 licet
1492 285 1569 309 raro
1588 273 1768 313 coneei‘l'ae,
1793 272 1847 309 su-

225 332 364 379 periori
391 327 563 363 doeirinae
591 326 831 367 adversantur3
863 326 995 369 quippe
1017 321 1221 368 dispensatio
1245 334 1313 356 non
1332 319 1377 355 est
1394 318 1553 358 in-frastxo
1570 336 1627 358 aut
1644 323 1784 358 violatio
1803 322 1846 356 le-

231 384 284 427 gis
297 407 305 420 ,
334 379 389 414 sed
418 377 599 412 declaratio
621 387 697 409 cum
725 375 900 409 autoritate
919 370 1008 407 faeta
1028 371 1136 417 legem
1158 384 1227 406 non
1248 371 1371 405 habere
1389 369 1499 405 locum
1517 373 1550 406 iri
1571 373 1628 406 tali
1649 372 1700 406 vel
1719 371 1777 406 tali
1797 383 1846 406 ca-

226 430 288 467 su5
316 441 392 463 nam
422 439 498 461 cum
525 424 699 470 legislator
723 424 834 469 legem
852 419 938 457 ferat
957 420 1167 468 generalem,
1195 432 1254 454 nec
1274 418 1374 466 poffit
1393 431 1510 454 omnes
1529 420 1620 455 casus
1639 420 1850 466 praevidere,

228 478 357 514 neceii'e
383 475 428 511 est
451 477 559 521 legem
577 474 692 508 locum
713 486 784 508 non
799 471 924 507 habere
939 498 948 512 ,
973 482 1051 505 cum
1070 469 1302 516 praesumitur
1318 480 1414 503 mens
1429 467 1635 514 legislatoris
1652 482 1723 504 non
1741 467 1849 509 fuisse,

232 541 272 564 ut
301 529 335 561 in
364 526 425 561 isto
447 525 521 559 casu
552 523 756 568 obligatoria
776 521 872 559 esset,
899 533 936 556 ut
950 520 1155 565 loquuntur.
1209 522 1328 563 ltaque
1345 517 1583 553 consideranda
1605 518 1650 553 est
1667 520 1703 553 in
1721 519 1855 565 dispen-

230 575 421 613 sationibus
447 585 542 608 mens
569 572 792 618 legislatoris,
822 582 854 605 et
882 583 922 604 eo
950 581 1083 604 tantum
1109 571 1144 604 in
1163 568 1238 604 casu
1257 566 1462 613 dispensatio
1482 568 1608 609 danda,
1639 580 1707 613 quo
1726 569 1761 602 in
1780 567 1856 603 casu

227 639 308 662 -eam
327 624 396 671 ipse
421 623 593 667 legislator
615 617 825 655 concessisset.
877 619 944 654 Sed
970 620 1051 663 quia
1070 618 1090 653 si
1112 620 1366 664 permitteretur
1384 618 1570 662 unicuique
1584 617 1785 660 huiusmodi
1804 619 1853 652 in-

229 675 434 722 terpretatio
454 673 557 718 legis,
587 669 609 704 fi
630 669 736 704 cuivis
751 669 867 704 liceret
886 668 925 702 de
942 680 1057 703 mente
1075 668 1278 713 legislatoris
1296 668 1462 713 judicare,
1491 666 1552 700 sub
1571 661 1639 700 hoc'
1654 666 1794 702 obtentu
1812 667 1856 702 le·

232 739 291 773 ges
311 724 350 759 ab
370 721 529 757 omnibus
549 719 837 764 infringerentur3
863 715 985 752 necesse
1000 716 1130 764 ftiitjus
1142 715 1232 752 istud
1254 715 1417 751 reservari
1436 716 1488 752 iis,
1510 716 1567 760 qui
1585 717 1768 751 autoritate
1777 716 1857 762 pol-

234 778 323 815 lent,
352 772 476 818 quibus
504 766 705 816 permissum
732 767 777 801 est
803 779 881 801 curn
904 767 1085 800 autoritate
1109 765 1277 800 declarare
1298 766 1427 810 legem,
1455 765 1568 799 locum
1588 777 1657 800 non
1677 765 1801 800 habere
1819 767 1856 799 in

233 827 302 860 hoc
326 823 380 858 vel
400 821 459 856 illo
477 818 569 857 casu,
599 828 632 850 et
650 819 694 851 ita
712 817 752 850 ab
771 815 842 862 ejus
862 814 1096 849 observatione
1115 812 1316 858 dispensare.
1370 816 1410 846 In
1429 812 1496 847 hoc
1513 815 1605 848 enim
1626 813 1741 849 differt
1758 816 1860 848 inter·

233 875 384 922 pretatio
413 884 430 904 a
455 865 720 913 dispensatione,
749 864 845 909 quod
868 864 1104 908 interpretatio
1127 861 1184 896 fiat
1202 862 1241 896 ab
1259 874 1313 900 eo,
1332 863 1391 904 qui
1406 862 1624 895 autoritatem
1646 875 1715 896 non
1734 863 1857 905 haben

232 919 439 968 dispensatio
467 928 549 950 vero
568 914 609 948 ab
629 927 679 954 eo,
706 913 767 957 qui
785 912 1001 947 autoritatem
1024 911 1134 945 habet.
1187 912 1239 945 Sic
1255 908 1377 945 (1οᾶοτ
1392 920 1451 944 aut
1468 909 1729 956 jurisconsultus
1745 910 1858 958 potest

233 972 377 1017 quidem
398 964 613 1009 interpretari
631 963 751 1007 legem,
782 974 849 996 non
871 973 982 995 autem
1001 960 1112 1006 potest
1128 959 1267 997 efficere,
1288 960 1476 1003 quominus
1496 961 1530 996 ii,
1550 971 1636 1003 quos
1654 959 1764 996 censet
1780 974 1798 996 a
1815 961 1860 1000 le-

237 1034 279 1067 ge
304 1018 424 1054 debere
452 1013 514 1048 eise
534 1014 727 1053 immunes,
755 1010 796 1046 ab
823 1011 881 1045 illa
905 1008 987 1045 fiant
1005 1011 1186 1044 immune&
1240 1012 1321 1044 Hoc
1338 1020 1451 1043 autem
1469 1006 1568 1042 faciet
1586 1008 1732 1050 senatus,
1760 1007 1860 1046 faciet

235 1080 389 1117 praetor,
399 1077 430 1100 et
439 1064 522 1098 alius
533 1064 589 1107 qui
600 1062 816 1097 autoritatem
826 1059 948 1094 habet:
967 1063 1016 1094 Ita
1026 1059 1180 1106 pontifex
1189 1062 1364 1093 Romanus
1376 1056 1482 1104 potest
1490 1070 1562 1092 non
1572 1056 1683 1094 sol-um
1694 1062 1859 1105 interpre-
1873 1074 1877 1078 >

233 1121 302 1155 tari
326 1119 436 1162 legem
449 1139 457 1154 2
484 1113 578 1157 quod
603 1110 746 1156 quilibet
771 1108 893 1145 doeior
911 1107 1038 1155 posset,
1067 1108 1123 1143 sed
1138 1120 1171 1143 et
1191 1108 1359 1143 declarare
1379 1120 1456 1142 cum
1473 1109 1649 1143 autoritate
1673 1110 1708 1142 in
1727 1109 1784 1143 tali
1805 1108 1859 1144 vel

235 1169 297 1205 eali
313 1166 388 1202 casu
406 1165 496 1198 hunc
514 1161 565 1197 vel
584 1161 678 1195 illum
696 1159 737 1194 ab
756 1172 792 1194 ea
810 1158 871 1194 esse
886 1160 1096 1194 immunem.-
1123 1158 1189 1194 lioc
1208 1169 1321 1192 autem
1340 1170 1408 1192 non
1427 1157 1538 1202 potest
1556 1155 1676 1197 facere,
1704 1157 1763 1192 nisi
1780 1170 1860 1194 curn

234 1217 378 1253 ,evidens
404 1224 436 1248 et
458 1211 542 1259 justa
566 1212 652 1245 ratio
678 1208 871 1244 faciendum
896 1207 959 1242 effe
983 1207 1113 1248 suadet,
1139 1208 1291 1251 alioquin
1311 1205 1475 1252 dissipatio
1497 1207 1615 1251 potius
1634 1206 1678 1240 est
1695 1219 1795 1252 quam
1813 1208 1863 1242 di-

236 1264 432 1313 spensatio,
459 1261 570 1304 inquit
597 1258 749 1304 egregrie
775 1258 987 1295 Bernardus‚
1013 1257 1074 1291 hac
1103 1257 1144 1291 de
1167 1269 1205 1292 re
1219 1255 1444 1292 consulendus
1459 1257 1495 1289 in
1512 1255 1602 1291 libro
1622 1256 1662 1290 de
1677 1267 1860 1303 praecepto

236 1327 276 1354 σε
290 1309 549 1362 dispensatione,
576 1319 608 1343 et
625 1307 659 1341 in
677 1304 816 1352 epistola
831 1305 957 1353 prima,

984 1414 1011 1455 ᾗ.
1047 1413 1123 1449 IV.

344 1508 387 1546 In
413 1519 479 1556 quo
500 1504 685 1555 probatur,
706 1501 899 1551 pontificem
916 1499 1108 1536 Romanum
1122 1511 1148 1535 α
1165 1498 1301 1536 concilio
1315 1499 1467 1548 judicari
1483 1507 1514 1538 et
1528 1501 1647 1551 deponi
1658 1500 1761 1552 poſj'e.

251 1620 254 1655 j
334 1621 476 1646 omanos
503 1605 690 1654 pontifices
717 1605 753 1639 in
779 1614 914 1639 errores
940 1600 1076 1647 prolabi
1103 1598 1198 1647 posse
1224 1599 1397 1647 superiori
1424 1601 1860 1650 dissertationeostensum.

250 1676 252 1679 ’
360 1658 506 1695 Eosdem
523 1656 683 1702 gravibus
708 1654 937 1699 turpibusque
958 1652 1048 1686 vitiis
1066 1650 1244 1696 depravari
1262 1649 1355 1696 posse
1373 1664 1464 1688 certo
1482 1655 1605 1688 certius
1624 1651 1678 1687 est.
1714 1653 1864 1690 Aliunde

246 1722 330 1746 vero
362 1708 487 1743 constat
511 1706 553 1741 ab
581 1702 790 1740 ecclefiastica
817 1702 1061 1737 communione
1085 1699 1264 1746 ejiciendos
1279 1724 1287 1740 ‚
1315 1711 1348 1735 et
1373 1701 1418 1736 de
1438 1702 1635 1748 episcopatu
1652 1701 1857 1749 dejiciendos

245 1758 311 1794 effe
337 1758 434 1797 illos,
461 1757 522 1801 qui
551 1754 604 1789 vel
629 1755 663 1788 in
700 1752 767 1787 fide
785 1752 837 1787 vel
853 1753 888 1785 in
906 1750 1062 1785 moribus
1079 1759 1231 1794 peccant,
1260 1760 1297 1784 ut
1312 1762 1331 1784 a
1349 1751 1448 1786 nobis
1464 1751 1730 1787 demonstratum
1748 1764 1781 1786 et
1805 1765 1862 1787 ex-

248 1809 421 1855 plicatum.
439 1805 483 1840 est
506 1807 543 1840 in
570 1802 798 1838 dissertatione
824 1802 865 1835 de
881 1799 1237 1834 excommunicatione.
1289 1801 1335 1833 Ex
1357 1801 1480 1845 quibus
1497 1801 1595 1836 fimul
1611 1799 1735 1848 junstis
1753 1799 1861 1836 infer..

246 1870 306 1893 tur
331 1856 404 1890 fieri
430 1853 523 1901 posse
548 1852 748 1897 aliquando,
777 1861 814 1886 ut
843 1847 1001 1896 pontifex
1024 1852 1195 1884 Romanus
1214 1846 1252 1882 fit
1269 1850 1616 1886 excommunicandus
1634 1859 1668 1884 et
1687 1848 1858 1895 deponen-

251 1907 326 1942 dus.
381 1904 485 1946 Quod
506 1901 632 1937 etiamsi
657 1912 832 1945 nunquam
851 1896 1023 1938 evenisset,
1049 1909 1194 1932 attamen
1210 1895 1281 1930 fieri
1296 1897 1392 1943 poss'e
1410 1902 1486 1944 quis
1510 1899 1702 1934 dubitaret?
1728 1901 1860 1936 Verum

250 1968 320 1990 non
349 1966 456 1988 unum
482 1951 632 1998 superest
657 1950 851 1995 exemplum
878 1946 1113 1994 episcoporum
1136 1948 1386 1988 Romanorum,
1417 1951 1477 1993 qui
1502 1962 1521 1984 a
1544 1947 1696 1984 conciliis
1712 1960 1859 1996 propte:¹

248 2003 413 2040 haeresim
430 2013 467 2036 ac
484 2003 565 2035 vitia
583 2000 738 2046 judicati,
766 1999 928 2037 damnati,
954 2009 1056 2041 atque
1077 1997 1174 2045 etiam
1192 1995 1233 2029 de
1250 1995 1325 2030 sede
1341 1998 1460 2044 dejeeii
1476 1998 1625 2033 suerunt⁴

352 2054 394 2087 Et
412 2050 551 2095 quidem
571 2050 749 2092 antiquum
768 2045 869 2081 fuisse
888 2046 1039 2081 ecclefiae
1055 2049 1226 2081 Romanae
1241 2057 1392 2087 morem,
1419 2059 1456 2082 ut
1473 2059 1550 2082 cum
1566 2049 1601 2082 in
1618 2045 1791 2081 haereseos
1805 2045 1859 2082 vei

252 2103 442 2138 criminum
464 2098 689 2144 suspicionem
711 2097 879 2135 venium,
895 2109 914 2129 a
935 2094 1073 2143 synodis
1084 2094 1325 2141 judicarentur,
1352 2096 1449 2131 docet
1466 2097 1649 2132 concilium
1666 2095 1780 2129 Italiae
1797 2094 1858 2131 sub

253 2149 403 2188 Damaso
420 2151 454 2184 in
474 2146 616 2194 epistola
632 2147 731 2181 tertia
747 2146 788 2180 ad
806 2146 1011 2180 Gratianum
1031 2155 1062 2178 et
1081 2142 1373 2178 Valentinianum:
1400 2147 1619 2185 Astmoranm
1635 2145 1758 2188 inquit,
1778 2147 1860 2191 fra-

254 2200 493 2242 terDamalus‚
511 2199 663 2245 quoniam
679 2199 715 2230 in
724 2197 788 2240 sua
804 2196 901 2239 causa
919 2194 1020 2240 vestri
1040 2201 1132 2227 tenet
1155 2191 1429 2240 instgnejudicii,
1454 2193 1591 2235 nonfiat
1607 2195 1770 2238 inferior,
1788 2195 1862 2240 qui·¹

247 2250 310 2289 hm
337 2259 368 2286 et
386 2248 418 2298 fi
436 2248 583 2298 aequalis
602 2246 643 2294 est
662 2255 815 2288 inuuere,
840 2244 1082 2293 praerogativa
1101 2250 1212 2278 tamen
1228 2241 1418 2289 apostolicae
1429 2243 1518 2290 sedis
1535 2243 1684 2280 excellit,
1710 2250 1749 2278 ut
1757 2242 1861 2289 judu}

1750 2303 1810 2327 cm

1950 0 1961 121 ἡνςπρυ-ω
