1961 2718
235 222 306 255 430
458 211 529 245 DE
564 209 839 253 ANTIQVA
878 203 1164 240 ECCLESIAE
1198 204 1535 239 DISCIPLINA

189 302 249 336 vit.
303 297 479 335 Henricus
497 299 634 343 cognita
655 295 819 341 Gregorii
845 292 1001 335 censura,
1037 291 1161 327 multas
1188 289 1343 338 epistolas
1368 290 1411 326 ad
1442 301 1559 336 gentes
1594 301 1628 327 et
1661 291 1815 327 nationes

188 347 403 395 conscripsit,
431 346 554 391 quibus
571 346 602 382 se
621 357 737 380 contra
752 345 803 392 jus
820 341 939 389 fasque
956 356 973 378 a
989 340 1154 390 pontifice
1185 340 1386 376 damnatum
1413 338 1615 377 ostendebat.
1667 340 1815 376 Nihilo-

189 403 304 435 minus
322 409 435 433 tamen
455 408 532 431 cum
559 399 703 432 Saxones
724 394 852 429 bellum
872 403 992 429 contra
1011 392 1205 427 Henricum
1234 402 1411 437 pararent,
1444 390 1623 437 principes
1649 391 1817 426 Alleman·

188 452 262 485 niae
280 449 396 487 veriti,
425 459 466 481 ne
485 458 591 492 regno
607 445 835 492 spoliarentur
853 469 861 484 ‚
890 440 1048 479 austores
1074 442 1105 476 ei
1137 438 1298 481 fuerunt,
1335 451 1372 475 ut
1396 439 1418 474 fi
1446 440 1642 485 Gregorius
1668 442 1704 475 in
1729 440 1806 474 Alie

189 499 360 536 manniam
376 497 528 535 veniret,
557 508 636 532 cum
655 507 693 529 eo
720 493 1009 529 reconciliaretur.
1061 490 1246 527 Simulavit
1275 489 1330 525 ille
1359 488 1392 524 se
1416 489 1482 525 huc
1507 501 1694 525 venturum
1710 514 1719 530 ‚
1761 489 1815 524 sed

187 562 266 585 cum
285 545 456 582 Vercellas
477 544 584 590 usque
599 542 754 585 venisset,
784 542 962 579 canossam
982 540 1156 588 oppidum
1174 541 1248 586 agri
1264 538 1436 586 Regiensis
1453 538 1517 574 sese
1535 550 1675 586 recepit.
1711 539 1816 574 Venit

189 599 269 636 illuc
283 607 436 644 propere
453 596 644 632 Henricus,
670 605 855 637 rerumque
870 591 1010 628 suarum
1038 589 1223 626 neceffitate
1252 588 1467 636 compulsus,
1521 590 1658 625 veniam
1692 588 1813 635 petiit,

190 660 292 695 quam
311 643 469 693 pontifex
486 643 549 691 ipsi
567 645 720 691 primum
738 642 937 688 denegatam
964 639 1100 676 tandem
1127 638 1291 675 conceffit.
1355 639 1599 674 Nihilominus
1625 650 1736 674 tamen
1763 639 1816 673 in-

189 697 366 735 clementia
383 693 440 730 sua
457 694 625 730 irritatum
653 690 949 728 caesariscernens
964 691 1138 730 animum,
1165 689 1252 724 elam
1270 687 1498 735 Rudolphum
1528 688 1652 723 ducem
1679 687 1722 724 ad
1748 689 1815 731 im-

188 749 326 795 perium
341 741 576 792 capeffendum
593 742 799 778 sollicitavit:
827 742 856 775 is
873 739 1092 775 aSaxonibus
1109 736 1236 773 elestus
1253 738 1383 773 bellum
1407 739 1442 771 in
1469 739 1665 773 Henricum
1688 738 1816 775 movit,

190 795 424 843 ter'praelium
436 819 444 834 ,
472 805 580 838 aequo
597 790 670 826 fere
687 800 813 829 marte,
841 788 949 823 multa
965 788 1127 830 utrinque
1144 786 1242 821 caede
1255 786 1343 820 edita
1354 811 1362 826 ‚
1391 785 1619 821 commissum.
1673 788 1817 822 Interim

190 847 385 892 Gregorius
405 844 440 878 in
457 841 602 877 concilio
623 840 780 878 Ronssno
797 848 874 872 ann.
897 842 1003 875 1080.
1031 835 1131 870 latam
1150 835 1186 868 in
1211 836 1404 869 Henricum
1429 834 1626 869 sententiam
1655 846 1816 876 renovat,

192 894 382 941 Rudolpho
409 892 597 937 imperium
619 885 816 927 confirmat,
852 896 1108 933 precaturque,
1143 895 1182 919 ut
1201 885 1376 919 Henricus
1403 884 1438 918 in
1464 883 1560 919 omni
1587 883 1820 929 congreffione

191 947 362 983 vincatur,
390 952 422 975 et
430 939 637 986 Rudolphus
658 948 805 983 regnum
815 938 1017 971 Teutonum
1036 933 1202 970 obtineat:
1230 945 1351 969 verum
1369 933 1470 981 hujus
1488 944 1570 969 vota
1587 946 1657 969 non
1674 932 1818 970 fuerunt

193 993 364 1029 exaudita,
391 1002 469 1024 nam
488 990 609 1024 eodem
627 1000 717 1023 anno
735 997 857 1032 quarto
881 985 1016 1032 praelio
1035 981 1233 1025 commisso,
1260 982 1469 1030 Rudolphus
1490 981 1536 1018 est
1564 981 1715 1022 occisus,
1741 985 1820 1019 inu·

193 1045 246 1079 tili
263 1052 368 1089 penes
387 1037 466 1075 suos
483 1037 598 1074 relista
614 1035 768 1072 vifi’coria.
807 1037 951 1070 Interim
970 1033 1209 1070 novemdecim
1234 1032 1382 1080 episcopi
1401 1033 1619 1079 Magantiae,
1647 1045 1684 1068 ac
1701 1031 1818 1080 postea

193 1093 334 1139 triginta
349 1090 482 1125 Brixiae
500 1087 697 1134 congregati
716 1086 930 1131 Gregorium
953 1085 1155 1131 deponunt,
1191 1093 1222 1118 et
1239 1081 1450 1118 Guibertum
1476 1086 1705 1118 Ravennatem
1735 1081 1824 1130 epis·

174 1146 338 1189 copum,
366 1140 427 1185 qui
448 1138 606 1174 Clemens
624 1136 734 1172 sextus
761 1135 806 1171 est
838 1132 968 1176 dietus,
993 1134 1029 1168 in
1058 1133 1128 1181 ejus
1153 1132 1271 1168 locum
1305 1132 1447 1179 eligunt.
1503 1135 1609 1167 Hunc
1628 1133 1842 1179 imperator*

192 1204 269 1228 cum
287 1191 433 1226 exercitu
451 1190 597 1224 Romam
617 1187 771 1226 veniens,
801 1183 944 1231 expulso
965 1183 1161 1229 Gregorio,
1190 1183 1225 1217 in
1244 1181 1317 1217 sede
1343 1181 1528 1229 episcopali
1557 1182 1758 1224 collocavit,
1787 1193 1820 1217 et

194 1242 234 1277 ab
253 1254 293 1276 eo
313 1250 476 1275 coronam
495 1236 708 1284 imperialem
728 1235 867 1281 accepit.
919 1237 996 1270 Nec
1013 1234 1069 1268 hic
1087 1232 1155 1268 fuit
1180 1230 1391 1267 dissidiorum
1411 1230 1508 1269 finis,
1545 1244 1623 1267 nam
1649 1230 1820 1267 foederati

194 1290 370 1338 principes
390 1291 594 1323 Hermanno
613 1286 830 1329 Lotharingo
849 1296 995 1329 regnum
1015 1281 1178 1318 deferunt
1195 1295 1284 1316 anno
1309 1289 1433 1322 1082.,
1463 1282 1524 1326 qui
1541 1282 1639 1316 annis
1659 1279 1734 1328 post
1750 1280 1820 1328 sep-

194 1351 264 1375 tem
285 1335 451 1372 extinfiffis
471 1334 534 1370 est:
563 1335 712 1369 triennio
727 1344 822 1372 ante,
851 1333 915 1366 hoc
933 1331 978 1366 est
1000 1330 1090 1365 anno
1123 1337 1226 1374 1085.
1261 1343 1419 1366 mortuus
1453 1329 1565 1364 fuerat
1600 1331 1817 1375 Gregorius3

197 1389 277 1425 huic
298 1383 441 1422 succeffir
457 1383 581 1419 Viaor
600 1385 721 1418 tertius
733 1406 742 1422 ,
771 1382 828 1425 qui
846 1381 1016 1415 continuis
1033 1379 1131 1414 bellis
1142 1390 1286 1419 vexatu5‚
1316 1391 1394 1413 cum
1415 1379 1512 1424 prius
1529 1390 1596 1423 pro
1615 1378 1686 1413 e'us
1701 1376 1817 1414 defen-

196 1439 287 1475 {ione
306 1436 347 1471 ad
364 1435 487 1480 viginti
504 1433 685 1468 hominum
705 1430 812 1465 millia
830 1441 891 1476 per
910 1429 1064 1466 Italiam,
1089 1427 1298 1469 cecidissent,
1326 1425 1463 1462 coastus
1491 1425 1537 1461 est
1557 1391 1728 1463 castinum
1757 1431 1820 1464 Be.

196 1484 325 1522 nediffl
341 1484 514 1529 antiquam
541 1482 652 1517 (edem
672 1481 812 1519 reverti,
840 1479 899 1513 ubi
916 1490 1006 1512 anno
1030 1483 1137 1516 1088.
1159 1477 1261 1513 obiit,
1289 1475 1461 1522 designato
1478 1473 1661 1513 succeffore
1678 1478 1820 1514 Othone

197 1534 358 1575 Ostiensi,
388 1545 489 1578 quem
507 1531 690 1567 cardinales
711 1528 753 1563 ad
769 1525 1005 1573 pontificatum
1024 1534 1288 1571 promoverunt.
1343 1527 1377 1560 Is
1405 1524 1602 1561 sententiam
1626 1528 1662 1561 in
1687 1529 1819 1564 Henri-

198 1598 276 1622 cum
294 1596 327 1620 et
344 1583 552 1620 Guibertum
571 1593 589 1614 a
609 1577 782 1624 Gregorio
799 1577 899 1611 latam
919 1573 1153 1617 confirmavit·,
1179 1573 1236 1609 sed
1261 1573 1334 1621 ipse
1358 1575 1449 1609 varie
1478 1586 1615 1613 vexatus
1637 1600 1646 1614 ‚
1681 1575 1818 1613 coaaus
1841 1601 1844 1604 -

199 1635 244 1671 est
259 1645 317 1670 aut
332 1634 365 1668 in
386 1631 496 1666 Gallia
516 1630 655 1675 degere,
683 1638 739 1662 aut
757 1629 884 1661 Rornae
901 1626 935 1660 in
954 1625 1061 1660 domo
1079 1624 1168 1659 Petri
1186 1627 1332 1666 Leonis,
1359 1624 1417 1660 ubi
1437 1635 1469 1659 et
1498 1635 1657 1661 mortuus
1686 1624 1750 1664 est,
1776 1627 1820 1662 ad

198 1684 350 1720 vitandas
368 1681 589 1716 inimicorum
613 1676 748 1712 infidias
768 1675 836 1710 sese
855 1676 1042 1710 continere.
1095 1674 1191 1709 Huic
1209 1686 1298 1709 anno
1328 1686 1433 1719 1099.
1458 1672 1607 1710 succeffit
1632 1674 1819 1719 Paschaiis,
1840 1674 1844 1689 ³

200 1735 259 1780 qui
280 1729 438 1768 adversus
455 1729 665 1764 Guibertum
682 1726 809 1761 bellum
829 1723 939 1771 geffit3
968 1723 1026 1759 sed
1043 1724 1071 1758 is
1088 1723 1191 1770 paulo
1212 1722 1291 1769 post
1308 1735 1400 1759 anno
1432 1735 1537 1761 1100.
1561 1738 1579 1760 e
1598 1726 1687 1761 vivis
1715 1725 1818 1765 abiit,

201 1795 311 1830 neque
328 1792 440 1817 tamen
458 1780 528 1827 ejus
549 1788 660 1813 morte
677 1773 868 1811 fastionum
886 1773 996 1810 studia
1013 1772 1141 1808 rescissa
1160 1771 1257 1816 sunt;
1293 1786 1371 1809 narn
1393 1772 1604 1813 Richardus‚
1639 1775 1700 1820 qui
1727 1775 1819 1811 Gui-

200 1834 297 1869 berto
316 1830 460 1877 faverat,
487 1828 668 1864 Albertum
688 1824 872 1870 quemdam
891 1825 922 1859 ei
939 1823 1132 1859 Atellanum
1148 1821 1293 1861 suffecit,
1320 1821 1525 1858 Praenestini
1539 1842 1542 1846 Δ
1555 1823 1820 1861 Theodericum

201 1881 380 1930 quemdam
400 1877 600 1926 pontificem
626 1887 791 1911 creavere.
843 1874 986 1909 Tertius
1016 1884 1190 1920 praeterea
1216 1872 1470 1920 Maginulphus
1504 1874 1597 1921 apud
1623 1877 1820 1911 Ravennam

201 1930 419 1980 pontificatus
438 1927 576 1964 titulum
593 1925 759 1972 usurpare
781 1922 879 1959 ausus
901 1922 956 1959 est.
1007 1922 1072 1958 Sed
1092 1935 1161 1958 non
1177 1921 1290 1957 minus
1308 1924 1517 1970 imperium,
1544 1936 1648 1969 quam
1675 1923 1820 1971 pontifi.

204 1993 294 2017 catus
315 1978 458 2026 praedae
476 1989 557 2013 tunc
574 1985 655 2012 erat.
709 1977 802 2010 Nam
820 1971 979 2008 adversus
998 1973 1192 2009 Henricum
1210 1971 1389 2018 pontifices
1406 1973 1594 2010 excitavere
1610 1972 1720 2009 filium
1744 1973 1818 2022 ejus

203 2029 423 2068 Comadum,
450 2038 482 2062 et
499 2039 537 2061 eo
555 2036 713 2064 mortuo,
739 2022 846 2058 filium
864 2021 1009 2059 alterum
1030 2023 1236 2062 Henricum,
1262 2034 1280 2057 a
1296 2035 1366 2068 quo
1391 2034 1491 2070 pater
1518 2023 1668 2071 imperio
1690 2021 1820 2070 spolia.

204 2093 277 2122 tus,
304 2089 422 2126 captus
439 2101 448 2118 ,
477 2087 508 2112 et
536 2076 571 2110 in
596 2072 782 2111 custodiam
809 2070 985 2121 conjestus
1010 2071 1075 2112 est.
1109 2083 1146 2108 ac
1172 2069 1311 2108 demum
1344 2071 1519 2121 profugus
1540 2073 1660 2110 Leodii
1687 2071 1821 2110 decessit

209 2142 298 2166 anno
324 2142 336 2163 ι
350 2130 431 2164 106.

357 2175 558 2212 Violentum
579 2172 723 2209 Hem-ici
742 2172 852 2217 quarti
871 2170 906 2207 in
922 2172 1096 2207 Romanos
1113 2169 1290 2217 pontifices
1315 2171 1467 2213 animum
1492 2184 1565 2209 non
1590 2172 1742 2208 imitatus
1771 2170 1819 2207 est

209 2228 334 2266 modo,
360 2225 415 2262 sed
434 2236 467 2260 et
480 2223 650 2270 superavit
671 2224 843 2257 Henricus
853 2225 913 2263 V.,
931 2222 1059 2268 quippe
1076 2222 1109 2255 in
1133 2219 1262 2256 Italiam
1281 2221 1435 2259 veniens,
1463 2234 1481 2256 a
1498 2221 1644 2257 paschali
1669 2234 1732 2268 per
1748 2222 1820 2258 vim

210 2278 344 2315 extorsit
358 2277 434 2326 jura
450 2272 742 2315 investiturarum,
771 2272 813 2308 de
830 2271 957 2318 quibus
974 2282 1106 2309 tantum
1119 2281 1189 2308 erat
1198 2281 1366 2308 certamen
1383 2283 1561 2313 exortum,
1589 2283 1621 2308 et
1636 2270 1676 2308 ab
1696 2271 1820 2308 eodem
1839 2280 1847 2299 ἑ

1697 2331 1768 2357 rltu
