2022 2733
313 192 819 232 DISSERTATIONES
854 197 1489 239 HISTORICAE.D1ss1u.H.
1598 213 1665 247 127

103 279 341 324 sestituifl'ent,
368 292 503 317 autores
520 283 566 317 eis
593 281 742 325 fuerunt,
769 295 807 319 ut
823 285 1014 332 praesulem
1033 287 1130 325 suum
1148 289 1446 338 placarent,eique
1462 291 1723 340 subjicerentur.

106 334 353 366 Verumtamen
373 332 563 367 Alexander
589 333 839 370 Alexandrinus
864 336 1040 384 episcopus
1066 339 1268 384 conquestus
1293 341 1338 377 est
1362 343 1506 378 violatos
1533 342 1596 377 effe
1620 343 1660 377 ab
1684 344 1727 377 iis

105 381 166 416 hac
184 381 224 415 de
242 381 336 416 causa
357 394 513 417 canones.
565 385 656 417 Cum
673 385 808 418 veroin
837 385 908 420 dies
934 388 1092 424 cresceret
1117 388 1307 429 dissidium,
1343 405 1444 427 nemo
1469 393 1510 427 ad
1534 395 1724 428 Romanam

104 430 216 466 sedem
235 433 458 477 provocavit,
486 444 546 467 nec
563 431 665 480 hujus
681 431 795 467 causae
811 435 1041 479 cognitionem
1066 438 1108 473 ad
1133 438 1164 474 se
1185 442 1298 475 traxit.
1352 443 1416 477 Sed
1448 444 1638 489 imperator
1664 444 1725 476 hu·

100 481 156 530 jus
174 480 418 516 controversiae
435 481 617 528 sopiendae
633 482 729 516 caula
751 481 919 530 synodum
943 487 1136 531 generalem
1166 489 1305 530 indixit,
1339 492 1375 526 id
1403 503 1515 527 autem
1543 492 1666 527 deinde
1685 495 1721 525 in

103 530 300 577 exemplum
322 531 423 572 abiit,
449 543 598 575 cumque
622 532 794 577 graviores
820 533 860 567 de
886 532 953 568 fide
977 536 1224 572 controversiae
1247 537 1325 573 sunt
1351 551 1500 578 exortae,
1535 542 1571 575 in
1599 543 1723 586 quibus

101 579 254 627 'episcopi
274 581 390 626 plures
409 593 427 615 a
446 579 640 616 seinvicem
658 579 875 622 diffidebant,
911 593 992 618 tunc
1019 583 1169 632 synodos
1196 587 1394 635 hujusmodi
1420 601 1459 624 ex
1485 590 1644 625 omnibus
1669 601 1725 625 aut

100 630 173 666 fere
191 630 353 667 omnibus
372 629 466 665 orbis
483 631 628 666 Romani
647 630 807 677 partibus
826 630 1038 679 congreg‘are
1056 647 1133 671 mos
1150 633 1230 671 fuit.

93 787 152 826 De
176 788 278 839 causa
303 787 486 842 Athanasii
494 815 504 832 ,
532 789 711 832 Marcelli,
737 792 912 844 Euflatlzii
935 794 1157 840 Αηέὶοεῖιεηὶ,
1183 796 1308 840 Pauli,
1343 797 1462 841 Lucii,
1497 806 1529 837 et
1555 798 1712 838 aliorum.

1592 886 1606 896 ι

93 891 334 987 Athanasii
353 901 484 938 causam
510 903 552 938 ad
570 904 766 950 probandas
791 907 1039 954 appellationes
1063 912 1104 946 ad
1131 914 1320 947 Romanam
1346 912 1457 948 sedem
1484 915 1571 950 mire
1595 912 1720 962 jactant

219 952 357 988 illarum
374 954 529 999 patroni,
557 956 637 997 quia
653 954 995 994 scilicet‘Athanasius
1018 962 1053 994 in
1074 962 1207 1009 synodo
1229 964 1320 1009 Tyri
1338 962 1514 1000 damnatus
1543 963 1611 999 fine
1636 965 1718 999 alte-

94 1005 166 1040 rius
185 1001 307 1049 synodi
326 1004 505 1037 autoritate
522 1001 635 1037 sedern
655 1009 891 1049 recuperavit,
916 1020 1063 1052 cumque
1083 1011 1205 1044 deinde
1223 1012 1257 1044 in
1276 1009 1410 1056 synodo
1432 1014 1644 1048 Antiochena
1669 1013 1715 1048 ob

93 1054 129 1089 id
149 1057 269 1088 iterum
290 1050 468 1085 damnatus
486 1048 596 1091 foret,
623 1054 770 1087 Romam
786 1054 961 1099 confugit,
989 1068 1022 1090 et
1039 1070 1057 1090 a
1073 1058 1234 1102 pontifice
1251 1059 1346 1105 Julio
1374 1059 1521 1107 benigne
1555 1074 1715 1108 exceptus

93 1102 152 1140 est,
183 1114 239 1142 ac,
254 1111 292 1135 ut
310 1099 442 1137 volunt,
461 1098 653 1141 restitutus,
681 1102 774 1145 quod
793 1103 960 1150 judicium
977 1117 996 1140 a
1020 1105 1155 1154 synodo
1173 1107 1361 1143 Sardicenfi
1377 1110 1514 1146 tandem
1531 1109 1715 1147 confirma-

89 1163 164 1188 tum
180 1148 225 1185 est
250 1149 367 1184 invitis
386 1149 457 1195 ejus
477 1148 684 1185 adversariis.

239 1202 284 1233 At
304 1199 514 1241 quicumque
532 1197 647 1231 causae
662 1198 764 1242 hujus
782 1199 1046 1236 circumstantias
1065 1216 1184 1237 omnes
1203 1215 1327 1240 attente
1337 1207 1552 1244 examinarit,
1590 1207 1712 1243 intelli-

87 1260 143 1296 get
160 1248 226 1283 hoc
248 1245 405 1291 exemplo
429 1245 675 1291 appellationes
702 1245 848 1290 probari
872 1248 1018 1284 minime
1041 1251 1157 1296 posse,
1182 1251 1360 1296 sequentes
1387 1255 1424 1288 id
1449 1254 1621 1291 docebunt
1648 1257 1714 1292 ob„

84 1299 299 1335 servationes.

75 1348 84 1355 ‘
235 1346 375 1386 Primo,
400 1341 600 1379 Athanasius
619 1355 689 1378 non
709 1355 778 1378 erat
797 1345 976 1381 damnatus
993 1359 1014 1383 a
1027 1346 1165 1397 synodo
1191 1351 1396 1398 provinciae
1418 1363 1478 1388 aut
1498 1353 1709 1399 dioeceseos;

85 1397 142 1436 sed
164 1410 182 1432 a
199 1392 332 1445 synodo
351 1405 589 1429 extraneorum
606 1392 862 1439 episcoporum.

234 1444 408 1484 Secundo,
434 1445 626 1489 imperator
645 1441 889 1479 Constantinus'
902 1446 1048 1483 istorum
1065 1448 1232 1495 judicium
1259 1462 1379 1497 utpote
1405 1462 1523 1487 contra
1548 1452 1640 1497 leges
1658 1452 1707 1487 la-

81 1508 157 1534 mffl
174 1506 286 1532 ntum
304 1506 374 1530 ¹¹⁰⁰
398 1492 537 1533 habuit,
571 1504 602 1527 et
626 1490 806 1538 episcopos
831 1497 967 1532 concilii
984 1498 1025 1534 ad
1052 1498 1087 1534 se
1115 1502 1288 1540 evocavit,
1315 1513 1352 1536 ut
1370 1498 1454 1536 fasti
1468 1500 1520 1536 sui
1538 1505 1707 1537 rationem

125 1547 279 1582 dderent.

33 1589 36 1591 ’
83 1561 121 1584 re
229 1593 375 1633 Tertio,
402 1594 577 1627 Mareotae
595 1589 773 1625 damnatus
793 1602 864 1628 etat
881 1592 1016 1637 absens,
1044 1607 1080 1631 et
1094 1597 1164 1634 illic
1181 1597 1269 1635 miffi
1296 1609 1391 1635 erant
1408 1598 1520 1635 hostes
1539 1598 1630 1647 ejuS,
1642 1601 1704 1646 qui

80 1649 115 1682 in
137 1656 214 1680 eum
234 1644 459 1687 inquirerent.
967 1679 973 1687 ,Ἰ

233 1696 384 1736 Quarto,
413 1687 615 1725 Athanasius
633 1688 676 1722 ita
698 1688 873 1725 damnatus
892 1705 961 1727 non
980 1698 1185 1739 provocavit
1209 1699 1250 1734 ad
1268 1702 1461 1735 Romanurn
1482 1698 1700 1744 pontificem,

78 1744 198 1781 necab
218 1755 259 1777 eo
277 1742 444 1787 petiit‚ut
463 1739 602 1779 videre,
619 1750 701 1772 num
721 1737 815 1774 causa
835 1740 908 1787 ejus
924 1742 1002 1777 esset
1017 1744 1106 1785 talis²
1138 1759 1222 1791 quae
1242 1749 1380 1784 deberet
1390 1751 1511 1783 {terum
1533 1751 1700 1784 examina.

78 1796 128 1833 τίς
155 1793 212 1828 sed
229 1792 272 1826 ad
289 1792 534 1837 imperatorem
552 1786 729 1833 confugit,
759 1800 796 1824 ut
814 1789 984 1837 ille,quae
1009 1805 1126 1830 contra
1152 1796 1301 1834 sormam
1319 1799 1529 1846 judiciorum
1557 1808 1589 1833 et
1607 1800 1700 1845 leges

81 1844 123 1882 ab
139 1840 338 1880 adversariis
355 1837 444 1875 fasta
461 1836 604 1878 fuerant,
631 1838 843 1874 rescinderet,

206 1918 210 1920 .
228 1892 378 1934 Quinto,
405 1901 475 1924 non
495 1887 539 1922 est
563 1889 597 1922 in
617 1888 755 1923 exilium
778 1887 902 1934 ejessus
917 1901 951 1926 et
967 1890 1040 1926 sede
1061 1892 1117 1927 sua
1134 1894 1291 1938 privatus
1309 1896 1353 1931 ob
1372 1895 1495 1944 synodi
1515 1896 1698 1935 decretum.

75 1943 134 1980 fed
150 1941 369 1989 imperatoria
387 1938 583 1978 autoritate.
636 1937 739 1973 Unde
756 1937 870 1984 postea
888 1941 928 1975 ad
948 1940 1114 1977 ecclesiam
1132 1943 1284 1979 reversus
1307 1958 1376 1980 non
1393 1958 1525 1992 poterat
1544 1946 1697 1982 damnari

75 1992 193 2030 cirilla
212 1992 400 2035 1ege‚quae
416 1998 512 2029 vetat,
531 2000 574 2022 ne
592 1989 669 2032 quis
684 1988 867 2035 episcopus
885 1990 1061 2026 damnatus
1081 2006 1097 2027 a
1116 1992 1249 2039 synodo
1267 1994 1336 2030 fine
1352 1996 1490 2031 alterius
1509 1996 1631 2046 synodi
1642 2010 1698 2032 au-

73 2044 212 2080 eoritate
231 2041 271 2074 ad
291 2038 458 2075 ecclesiam
471 2037 597 2073 redeat.
650 2038 894 2084 intelligendus
909 2042 1000 2076 enim
1025 2041 1070 2077 est
1096 2042 1157 2077 iste
1183 2055 1291 2079 canon
1317 2045 1358 2081 de
1386 2045 1520 2094 synodo
1542 2047 1698 2092 legitime

74 2091 208 2134 tonan,
226 2101 259 2125 et
274 2102 363 2135 quae
385 2086 515 2124 formas
531 2087 739 2134 judiciorum
759 2087 962 2127 observavit.

224 2142 341 2180 Sexto,
369 2137 570 2174 Athanasius
590 2150 626 2173 ut
645 2137 758 2173 sedem
775 2136 870 2175 suam
889 2153 919 2175 et
937 2140 1103 2176 ecclesiam
1136 2155 1369 2189 recuperaret,
1395 2156 1466 2180 non
1495 2146 1695 2191 impetravit

74 2191 217 2227 Romani
236 2187 405 2236 pontificis
423 2187 606 2229 auxilium,
633 2188 689 2224 sed
707 2190 1000 2233 quemadmodum
1018 2204 1039 2228 a
1060 2191 1287 2230 Constantino
1309 2191 1424 2232 fuerat
1446 2195 1624 2244 expulsus,
1650 2195 1694 2231 ab

76 2239 147 2288 ejus
163 2237 242 2275 filiis
259 2238 306 2276 est
322 2236 508 2284 restitutum

1530 2305 1643 2351 Septi-
