2001 2733
293 230 803 267 DISSERTATIONES
839 231 1189 267 HISTORICAE.
1215 232 1376 267 Drssznr.
1402 231 1482 266 VH.
1582 234 1659 276 469

87 318 151 366 ipsi
169 319 314 354 Romani
332 317 510 365 pontifices
527 343 538 356 ‚
573 316 606 352 se
623 317 841 364 caeterosque
867 318 1044 367 episcopos
1073 331 1104 355 et
1131 318 1269 355 clericos
1293 319 1329 354 in
1355 318 1457 356 rebus
1488 316 1644 354 civilibus
1665 315 1707 353 ab

88 370 311 416 imperatoris
325 368 458 414 legibus
481 378 512 402 et
529 367 662 414 judiciis
677 381 747 404 non
764 367 825 403 effe
840 368 915 416 jure
933 369 1051 405 divino
1068 370 1248 404 immunes.

235 421 310 454 Yvo
337 417 443 464 Epist.
465 429 520 454 22.
537 416 579 453 ad
606 417 805 464 Philippum
827 431 961 465 regern:
989 419 1199 466 Respondere
1225 431 1290 454 non
1303 417 1565 468 subterfugiam
1590 417 1645 452 vel
1670 418 1709 452 in

83 469 228 516 calefiet,
248 468 278 516 fi
296 467 504 514 ecclesiastica
520 469 596 510 lunt
612 471 765 516 negotia,
796 470 853 503 vel
874 472 911 504 in
935 472 1041 509 curia,
1059 469 1090 516 fi
1106 469 1260 504 curialia.
1312 466 1505 503 Bernardus
1523 464 1629 512 Epist.
1650 478 1707 508 42.

84 519 128 553 ad
148 518 441 564 archiepiscopum
460 515 707 557 Senonensem,
734 520 789 553 cui
813 519 984 556 honorem,
1011 519 1182 555 honorem
1217 519 1319 552 omnis
1347 520 1458 552 anima
1490 514 1708 565 potestatibus

79 567 333 614 sublimioribus
345 566 486 612 subdita
502 565 562 612 fit.-
587 565 610 607 fi
626 569 792 610 omni13et
811 567 934 613 vestra.
991 567 1078 610 Quis
1095 579 1152 601 vos
1169 569 1299 613 excipit
1324 566 1364 601 ab
1388 565 1609 612 universitate
1627 569 1643 599 3
1668 565 1708 600 Si

90 620 164 665 quis
181 626 294 665 tentet
315 619 486 662 excipere,
514 623 654 649 conatur
671 614 835 661 decipere.

237 665 458 700 Innocentius
491 665 553 698 IV.
596 662 638 697 de
671 660 833 698 sententia
864 664 1225 698 excommunicationis
1249 676 1322 709 cap.
1353 664 1488 698 noverit
1516 675 1548 697 n.
1574 676 1605 697 2.
1667 662 1710 698 In

85 717 268 762 temporali
288 715 522 762 generaliter,
548 721 582 748 et
592 714 765 760 generalis
782 713 924 759 ecclefiae
940 714 1028 757 [olus
1042 716 1246 759 imperator,
1273 715 1332 761 qui
1351 723 1385 749 et
1409 714 1539 747 clericis
1563 721 1596 747 et
1615 713 1709 747 laicis

80 764 230 811 praeff
249 764 365 803 debet,
398 763 628 809 privilegium
644 761 817 796 concedere
829 761 943 807 potest.
971 760 1051 807 Ipse
1068 759 1201 796 sanEius
1220 762 1377 797 Thomas
1394 763 1429 796 in
1441 761 1546 808 Epist.
1558 761 1598 796 ad
1608 763 1707 798 Rom.

84 825 155 861 cap.
179 825 232 857 13.
252 812 295 847 ab
312 813 379 846 hoe
398 810 513 845 debito
530 809 659 845 liberos
677 808 739 845 effe
757 811 804 844 ait
828 810 971 845 clericos
988 822 1025 844 ex
1041 810 1228 857 privilegio
1244 822 1376 846 tantum
1395 812 1604 857 principum.

236 864 354 897 Petrus
372 860 411 895 de
423 859 553 895 Alliaco
564 872 596 904 q.
616 858 657 894 de
673 858 828 906 rescript.
847 859 1064 895 conclusione
1081 861 1214 906 prima:
1245 860 1400 907 exemplo
1419 860 1566 902 christi,
1596 861 1655 905 qui
1674 857 1708 898 se

85 911 193 947 Pilato
220 909 443 957 judicandum
468 908 655 949 commisit,
683 920 715 944 et
730 908 984 955 apostolorum,
1012 911 1072 954 qui
1089 909 1217 944 nullam
1242 909 1301 944 fibi
1327 910 1363 944 in
1389 909 1523 957 judiciis
1548 909 1706 945 civilibus

85 959 323 995 auEioritatem
343 970 566 1005 arrogarunt‚
593 956 649 993 sed
676 959 768 993 intus
795 958 933 1007 subjeffl
958 957 1056 994 fuere
1082 958 1216 1005 legibus
1241 971 1272 994 et
1297 958 1468 1006 judicibus
1495 959 1651 994 civilibus
1676 970 1708 995 et

85 1010 250 1051 ethnicis;
277 1021 338 1043 nec
357 1021 424 1043 non
445 1020 482 1043 ex
500 1006 600 1042 distis
617 1009 708 1043 Petri
730 1020 763 1043 et
781 1009 894 1050 Pauli,
921 1021 957 1044 ae
975 1009 1114 1043 demum
1132 1022 1169 1043 ex
1186 1009 1288 1057 huJus
1305 1009 1554 1055 provocatione
1579 1009 1621 1044 ad
1640 1020 1708 1043 cae-

84 1059 210 1100 sarem,
238 1057 382 1094 ostendit
399 1058 538 1093 clericos
562 1058 638 1105 jure
667 1058 783 1093 divino
808 1071 879 1093 non
904 1057 967 1093 esse
989 1060 1162 1094 immunes
1187 1071 1205 1093 a
1223 1058 1356 1105 judiciis
1382 1058 1548 1094 civilibus.
1600 1060 1708 1093 Mitto

84 1107 276 1149 Cusanum,
304 1106 525 1148 Valdcnsem,
552 1107 757 1148 Alcuinum‚
787 1108 983 1143 Almainum
1000 1132 1010 1146 ‚
1037 1120 1068 1143 et
1085 1107 1168 1143 alios
1195 1108 1392 1154 complures
1417 1108 1619 1153 theologos,
1645 1109 1706 1152 qui

89 1159 124 1193 in
143 1158 258 1192 cadem
283 1158 449 1204 opinione
465 1156 650 1192 versantur.
704 1160 801 1193 Haec
818 1169 928 1193 autem
946 1157 1084 1192 aliunde
1100 1156 1250 1203 probant
1267 1158 1370 1193 verba
1386 1157 1444 1193 illa
1462 1158 1575 1198 Pauli,
1604 1159 1708 1193 omnir

85 1209 218 1244 anima,
244 1216 304 1243 etc.
334 1217 400 1241 tam
421 1206 463 1241 de
479 1206 623 1248 clericis,
653 1219 754 1251 quam
775 1207 816 1242 de
839 1207 932 1242 laicis
953 1207 1014 1255 esse
1039 1207 1276 1253 intelligenda,
1305 1219 1337 1243 et
1361 1207 1439 1243 illos
1465 1220 1533 1242 non
1562 1208 1677 1242 minus
1694 1231 1705 1247 ‚

87 1269 191 1302 quam
208 1254 288 1291 istos
306 1257 340 1290 in
361 1256 461 1291 rebus
479 1256 634 1292 civilibus
655 1257 695 1291 de
715 1257 789 1304 jure
805 1255 973 1301 subjefios
987 1254 1071 1298 effe,
1099 1258 1144 1292 ita
1162 1268 1198 1292 ut
1217 1270 1322 1303 aeque
1340 1257 1467 1292 tributa
1484 1257 1634 1303 pendere
1652 1256 1708 1290 de—

84 1305 183 1340 beant
199 1317 231 1340 ct
247 1306 287 1340 de
305 1306 505 1341 criminibus
525 1305 701 1347 civilibus,
730 1318 767 1341 ac
786 1305 1038 1352 magistratibus
1059 1306 1213 1342 civilibus
1232 1307 1394 1353 judicari,
1421 1319 1452 1342 et
1468 1307 1589 1353 poenis
1605 1306 1708 1340 etiam

82 1354 242 1389 civilibus
260 1356 419 1390 coerceri.
475 1355 580 1397 Quod
598 1354 621 1389 fi
640 1354 843 1399 quibusdam
864 1357 899 1391 in
921 1356 1068 1397 cafibus,
1094 1367 1169 1391 tum
1188 1369 1206 1389 a
1224 1356 1381 1392 tributis,
1407 1366 1439 1390 et
1453 1356 1528 1390 aliis
1546 1353 1710 1390 oneribus

81 1405 254 1438 immunes
274 1401 371 1443 sunt,
401 1402 537 1447 quando
556 1415 574 1437 a
592 1403 725 1448 judiciis
745 1405 901 1438 civilibus
927 1405 960 1438 {e
987 1404 1019 1438 se
1044 1405 1217 1444 eximunt,
1245 1415 1276 1438 et
1293 1404 1335 1439 ad
1357 1404 1567 1439 ecclesiastica
1588 1405 1710 1440 remit-

84 1455 223 1489 tantur,
249 1451 284 1484 id
304 1451 431 1485 habent
446 1463 484 1485 ex
499 1450 665 1486 beneficio
684 1452 884 1497 principum
899 1479 907 1493 ‚
936 1454 995 1497 qui
1014 1451 1101 1488 istud
1126 1452 1210 1499 ipsis
1233 1455 1270 1488 in
1301 1455 1446 1500 gratiam
1471 1453 1626 1489 ecclesiae
1652 1455 1707 1488 in-

84 1502 229 1548 dulgere
246 1499 432 1534 voluerunt
444 1524 452 1539 ,
480 1509 517 1533 ut
535 1511 573 1533 ex
589 1500 778 1534 innumeris
798 1501 932 1545 legibus
950 1502 1067 1546 liquet.

236 1548 332 1584 Idem
353 1546 606 1582 demonstratur
624 1559 662 1581 ex
682 1546 744 1582 usu
765 1548 911 1583 ecclcsiae
937 1561 970 1584 et
995 1550 1166 1595 exemplis.
1219 1552 1337 1587 Primo
1360 1563 1473 1588 autem
1500 1565 1628 1589 certum
1649 1550 1708 1593 est,

85 1600 195 1636 tribus
222 1599 346 1645 primis
366 1596 517 1632 ecclefiae
535 1595 674 1632 saeculis
696 1595 919 1645 presbyteros
938 1608 971 1631 et
987 1598 1127 1634 clericos
1143 1599 1184 1634 ad
1203 1600 1385 1636 tribunalia
1402 1603 1653 1647 imperatorum
1674 1612 1708 1637 et

84 1647 345 1698 magistratuum
365 1647 581 1682 ethnicorum
599 1658 668 1693 pro
685 1645 788 1681 rebus
804 1646 962 1681 civilibus
982 1645 1111 1683 stetisse.
1165 1649 1346 1694 Postquam
1372 1663 1457 1686 vero
1479 1653 1707 1697 imperatores

85 1697 256 1735 christiani
279 1695 441 1738 fuerunt,
467 1696 546 1731 licet
571 1695 740 1741 aliquibus
768 1695 899 1741 legibus
925 1696 1099 1732 causarum
1116 1721 1125 1737 ‚
1161 1709 1245 1742 quae
1269 1699 1310 1733 ad
1331 1699 1473 1736 clericos
1496 1699 1707 1747 spessabant.

84 1749 250 1798 judicium
270 1747 308 1782 sit
325 1745 497 1794 episcopis
517 1745 731 1781 commissum
749 1744 844 1792 saepe
863 1757 936 1781 tum
963 1758 1031 1793 pro
1056 1745 1159 1782 rebus
1185 1758 1218 1782 et
1243 1749 1446 1785 criminibus
1476 1750 1632 1786 civilibus
1662 1750 1705 1785 ab

89 1796 356 1845 imperatoribus
374 1807 406 1831 et
422 1795 593 1843 judicibus
610 1794 767 1830 civilibus
785 1795 1036 1842 judicabantur.
1087 1798 1128 1832 In
1147 1797 1292 1833 concilio
1310 1799 1465 1834 Nicaeno
1490 1794 1641 1846 episcopi
1658 1799 1707 1834 se·

84 1847 120 1883 se
144 1847 293 1883 invicem
310 1844 516 1886 accusantes,
544 1844 680 1880 libeiios
697 1844 916 1880 accusationis
925 1845 1149 1882 Constantino
1168 1847 1219 1881 vel
1236 1846 1375 1883 istarum
1390 1861 1506 1884 rerum
1522 1849 1625 1897 judici
1643 1850 1705 1884 tri-

86 1897 246 1932 buerunt.
298 1898 331 1930 Is
357 1908 440 1930 vero
464 1893 677 1941 singulorum
705 1894 932 1930 accusationes
963 1897 1092 1942 accep-it¹
1113 1906 1146 1931 et
1169 1896 1282 1942 sigillo
1308 1897 1519 1944 obsignavit,
1561 1901 1705 1944 ignique

85 1946 246 1986 tradidit,
272 1956 310 1981 ut
325 1944 370 1980 fic
387 1944 510 1992 jurgiis
524 1943 647 1979 omiffis
665 1943 738 1982 illa,
757 1957 845 1989 quae
857 1945 899 1979 ad
917 1943 1022 1980 fidem
1038 1946 1266 1991 pertinebant,
1283 1946 1409 1992 absque
1426 1949 1493 1984 ulia
1509 1950 1705 1984 animorum

86 1997 305 2031 contentione
328 1997 542 2040 exquirerent
559 2005 591 2029 et
608 1993 813 2039 definirent3
848 1995 937 2029 idem
968 1994 1208 2030 Constantinus.
1231 1997 1412 2032 Caeciliani
1447 1997 1598 2036 causam,
1624 1999 1706 2042 quia

87 2045 130 2080 de
146 2046 309 2083 crimine,
335 2044 430 2089 quod
457 2045 492 2078 in
518 2045 673 2078 examine
699 2042 781 2078 faffi
810 2042 1031 2085 consistebat,
1063 2044 1225 2090 agebatur
1242 2071 1251 2087 ,
1286 2046 1355 2092 ipse
1383 2041 1555 2094 iudicavit.
1608 2049 1705 2083 Idem

87 2093 304 2130 Athanasium
321 2092 555 2129 insimulatum
571 2092 674 2128 laesae
693 2092 871 2141 maiestatis
888 2092 946 2129 suo
963 2094 1094 2141 judicio
1112 2095 1312 2131 damnatum-
1328 2097 1363 2130 in
1382 2097 1520 2132 exiii'um
1540 2097 1639 2132 mifir.

238 2144 358 2192 Hujus
375 2142 466 2179 filius
483 2141 722 2178 Constantinus
749 2142 879 2178 causam
910 2144 1119 2178 criminalem
1154 2145 1317 2191 Stephani
1341 2147 1543 2181 Antiocheni
1576 2146 1702 2192 episco-

85 2194 124 2240 pi
150 2194 186 2228 in
210 2193 297 2229 laico
317 2193 464 2242 judicio,
490 2193 525 2228 in
544 2192 671 2240 palatio
696 2194 867 2239 principis
891 2195 1013 2238 agitari
1039 2194 1169 2231 voluit,
1210 2196 1269 2240 qui
1293 2208 1371 2230 cum
1397 2197 1433 2229 in
1457 2209 1495 2230 eo
1523 2195 1704 2231 convietus

84 2242 203 2287 foret,
236 2254 462 2293 praeceptum
489 2241 536 2279 est
560 2241 729 2291 episcopis
747 2268 757 2286 ‚
791 2253 829 2278 ut
852 2253 934 2282 eum
959 2244 1185 2292 deponerent,
1212 2243 1292 2284 teste
1316 2247 1353 2280 T
1354 2245 1554 2287 heoderito²
1580 2246 1641 2283 lib.
1670 2258 1703 2283 2.

88 2304 162 2341 cap.
196 2304 229 2344 2.

795 2344 834 2378 N
860 2354 882 2377 n
910 2354 933 2378 n
963 2353 980 2388 3
1306 2392 1308 2395 Ι
1532 2345 1654 2383 valen-
