2022 2733
284 219 784 256 DISSERTATIONES
810 220 1180 258 HISTORICAE.
1213 222 1374 259 nissam.
1399 223 1446 261 ΙΙ.
1573 235 1641 270 23¹

80 305 195 352 aliqua
205 305 353 355 superest
370 309 545 349 memoria,
563 320 760 355 percurrat,
784 310 954 356 intelliget
970 322 1006 345 ea
1022 310 1158 359 semper
1174 309 1272 348 fuisse
1296 311 1554 354 dissensionum,
1584 310 1688 347 schis-

18 360 21 363 “
43 382 49 383 ⁷
76 367 226 395 matum,
254 357 440 397 bellorum,
468 359 680 405 aliarumque
698 360 879 407 grandium
900 359 1128 397 calamitatum
1151 361 1284 405 causaS,
1318 375 1351 399 et
1371 364 1430 399 ›vix
1453 375 1606 410 unquam
1625 363 1686 397 ali-

76 405 158 450 quid
180 406 277 449 boni,
293 408 401 454 slaepe
423 421 504 443 vero
521 409 670 444 multum
690 409 770 444 mali
785 422 823 444 ex
845 411 898 445 his
921 408 1070 445 ecclesiae
1092 410 1264 447 acceffisse.

227 460 447 504 Quapropter
464 457 572 504 iiipfi,
592 458 716 503 quibus
735 458 817 494 haec
836 456 1018 494 interdista
1037 462 1143 506 magis
1165 461 1320 507 prodesse
1337 473 1516 508 poterant,
1543 459 1689 496 Romani

73 504 256 550 pontifices
273 505 382 542 coasti
397 507 474 543 sunt
491 519 613 542 eorum
631 506 834 542 severitatem
854 509 900 543 ita
920 508 1085 552 paulatim
1106 511 1311 545 imminuere
1325 537 1333 552 ,
1362 524 1400 547 ut
1424 513 1479 546 vix
1497 511 1605 548 ullum
1630 510 1690 543 lta·

73 553 210 590 buerint
236 556 414 592 effestum:
467 558 598 602 quippe
625 568 703 591 eum
721 557 874 602 primum
891 555 1073 591 interdieta
1094 556 1255 604 usurpari
1272 571 1480 605 coeperunt,
1507 557 1688 607 cujuslibet

75 601 182 639 officii
203 605 312 641 divini
329 606 512 641 celebratio
528 605 778 651 prohibebatur
800 617 939 651 excepto
956 615 1089 640 tantum
1109 618 1302 651 puerorum
1329 607 1498 654 baptismo
1519 621 1550 644 et
1570 607 1692 653 poeni-

74 655 197 689 tentiae
214 655 500 690 administratione
516 655 551 688 in
572 653 777 697 necestitate3
802 656 847 692 ita
872 653 1063 690 Alexander
1081 657 1143 691 ΙΙΙ.
1162 657 1221 701 qui
1232 669 1321 691 anno
1345 670 1449 702 1170.
1469 657 1601 692 vivebat
1617 668 1692 701 cap.

73 714 142 738 non
159 704 202 750 est
220 704 313 739 vobis
332 705 373 739 de
385 703 608 751 sponsalibus.
660 704 792 739 Deinde
815 705 900 740 circa
918 716 1046 739 annum
1068 717 1171 740 1200.
1190 706 1396 752 praedicatio
1415 707 1580 753 evangelii
1597 717 1627 740 et
1644 705 1692 739 sa·

75 753 238 788 eramenti
256 751 526 789 confirmationis
545 752 792 789 administratio
808 752 975 794 concessa,
1004 756 1176 790 Innocent.
1196 758 1262 792 III.
1286 768 1361 802 cap.
1379 758 1533 804 responso
1558 756 1600 791 de
1612 759 1692 800 jen-

74 808 161 837 tent.
179 805 533 839 excommunicationis.
584 803 684 837 Circa
698 815 825 839 annum
846 815 950 848 1230.
968 803 1163 850 Gregorius
1175 807 1231 841 IX.
1252 806 1414 853 permisit,
1433 817 1471 842 ut
1488 807 1524 841 in
1540 816 1690 850 unaqua-

51 892 55 895 .
76 862 143 896 que
158 851 372 888 hebdomada
388 851 613 888 celebraretur
633 852 725 888 missa
742 854 876 900 privata
894 852 987 889 ostiis
1004 853 1119 889 clausss
1137 854 1207 890 fine
1223 855 1325 902 pulsu
1348 866 1593 904 tympanarum
1617 865 1691 899 cap.

71 903 299 947 permittimus
317 902 357 937 de
375 904 549 947 sententia
576 905 940 939 excommunicationis:
969 901 1047 948 post
1071 905 1157 940 circa
1182 917 1310 941 anuum
1340 917 1444 950 1245.
1471 904 1692 941 Innocentius

74 951 137 984 IV.
165 950 276 986 voluit
291 950 532 987 sacramentum
551 952 779 998 poenitentiae
804 950 1032 988 administrari
1056 954 1212 989 cruciatis
1241 966 1273 990 et
1295 956 1506 1002 peregrinis,
1558 965 1693 988 necnon

75 999 230 1044 permifit
247 999 398 1035 officium
415 1013 433 1035 a
450 1001 579 1036 clericis
596 1002 729 1036 recitari
747 1000 815 1035 fine
830 1013 930 1036 cantu
947 1013 1022 1046 cap.
1075 1002 1176 1045 Quod
1192 1007 1229 1039 in
1245 1013 1332 1040 text.
1353 1004 1395 1040 cle
1415 1006 1631 1052 poenitentia
1657 1011 1692 1036 et

76 1047 198 1094 remzst'.
231 1051 396 1083 'Demum
413 1061 503 1084 anno
526 1060 629 1093 1300.
657 1049 855 1085 Bonifacius
874 1053 971 1085 VIII.
990 1053 1237 1096 poenitentiam
1253 1053 1338 1088 sanis
1366 1054 1526 1088 omnibus
1543 1052 1693 1087 admini-

75 1093 174 1132 strari
194 1095 300 1144 justit,
327 1109 359 1133 et
374 1097 547 1144 integrum
565 1097 716 1134 officium
735 1098 886 1143 quotidie
904 1098 1064 1134 celebrari
1087 1099 1180 1135 ostiis
1195 1112 1306 1137 tamen
1326 1102 1443 1138 clausis
1469 1113 1500 1137 et
1515 1101 1582 1137 {ine
1600 1112 1693 1148 tym-

74 1157 245 1192 panarum
260 1145 373 1193 pulsu.
425 1149 502 1183 Imo
520 1148 620 1182 etiam
638 1147 729 1183 ostiis
746 1149 872 1193 apertis
890 1159 923 1184 et
937 1149 1081 1195 praevio
1099 1160 1341 1197 tympanarum
1358 1151 1459 1197 pulsu
1476 1152 1511 1186 in
1527 1149 1620 1186 festis
1635 1162 1690 1184 na·

76 1195 238 1233 tivitati‘s,
263 1194 424 1242 paschae,
452 1196 656 1242 pentecostes
675 1209 707 1231 et
721 1195 959 1241 assumptionis
979 1209 1056 1242 cap..
1070 1200 1170 1233 Alma
1186 1208 1311 1237 mater,
1340 1202 1379 1236 de
1387 1203 1561 1246 sententia
1570 1211 1691 1235 excom·

75 1246 309 1279 munit-ationis
329 1248 366 1279 in
377 1247 483 1289 sexto.
532 1247 588 1278 *Ex
606 1244 660 1278 his
679 1244 798 1278 videre
820 1244 865 1278 est
877 1246 1043 1290 paulatim
1061 1245 1244 1281 interdisto
1263 1249 1350 1283 nihil
1369 1248 1480 1284 ferme
1497 1260 1627 1294 praeter
1638 1250 1690 1281 in-

73 1290 208 1328 terdisti
226 1305 353 1327 nomen
372 1289 434 1327 effe
452 1289 629 1333 relietum,
657 1292 751 1337 quod
767 1304 969 1338 argumento
989 1292 1050 1330 est,
1070 1306 1127 1328 eos
1146 1293 1259 1340 ipsos,
1280 1297 1406 1340 quibus
1426 1298 1524 1332 utilia-
1545 1296 1694 1331 maxime

75 1340 154 1377 funt
170 1340 348 1377 interdissa
365 1354 484 1377 eorum
503 1339 690 1377 molestiam
705 1353 737 1376 et
752 1342 946 1388 periculum
964 1341 1145 1389 agnovisse.
1201 1346 1294 1389 Quid
1313 1346 1408 1391 quod
1431 1344 1535 1392 saepe
1556 1345 1693 1391 saepius

75 1389 259 1426 interdista
280 1391 321 1426 ab
341 1389 482 1426 eccleliis
501 1389 613 1437 spreta
629 1403 730 1436 atque
750 1401 945 1439 contempta
961 1392 1050 1428 sunt.
1102 1394 1193 1436 Quis
1209 1395 1300 1429 enim
1312 1397 1465 1441 ignoret,
1480 1407 1580 1440 quam
1601 1394 1689 1428 nihil

74 1438 195 1477 fecerit
217 1439 351 1476 ecclefia
367 1440 540 1476 Gallicana
556 1439 736 1476 interdissa
753 1443 787 1475 in
807 1454 952 1487 regnum
970 1443 1131 1477 Franciae
1148 1442 1230 1485 lata,
1259 1455 1333 1480 tum
1361 1458 1380 1480 a
1407 1444 1586 1480 Bonifacio
1603 1455 1691 1479 tem-

74 1502 162 1537 pore
179 1491 333 1537 Philippi
350 1490 506 1530 Pulchri,
532 1501 607 1524 turn
626 1503 643 1524 a
664 1490 758 1537 Julio
779 1501 939 1536 tempore
954 1491 1121 1527 Ludovici
1138 1495 1215 1528 XII.
1235 1504 1311 1529 tum
1329 1496 1431 1530 etiam
1451 1495 1531 1530 alias
1555 1492 1596 1528 ab
1615 1492 1694 1527 aliis

68 1538 329 1587 pontificibus?
381 1540 467 1584 Quis
485 1538 603 1573 nesciat
619 1538 868 1584 rempublicam
885 1544 1046 1576 Venetam
1066 1541 1286 1579 imerdiffum
1304 1544 1401 1580 Pauli-
1417 1546 1461 1580 V.
1487 1545 1534 1579 ita
1548 1544 1690 1579 irritum

74 1587 251 1638 judicasse,
278 1601 316 1624 ut
333 1589 372 1623 ab
391 1601 429 1623 eo
445 1600 486 1622 ne
504 1586 647 1632 quidemr
659 1587 738 1633 post
757 1599 874 1633 pacem
891 1590 1010 1624 initam
1029 1589 1156 1625 absolvi
1173 1591 1205 1626 se
1222 1591 1310 1639 paffa
1327 1591 1452 1630 fuerit.
1475 1593 1571 1640 Quin
1589 1594 1692 1626 etiam

75 1640 178 1674 unius
195 1649 326 1673 tantum
347 1636 499 1672 ecclefiae
515 1648 570 1672 aut
585 1638 784 1682 provinciae
803 1636 979 1672 {met-dista
996 1640 1087 1685 apud
1112 1653 1174 1676 nos
1200 1641 1302 1678 fuere
1312 1644 1514 1689 prohibita.-
1541 1642 1585 1677 st'c
1608 1653 1691 1676 cunt

61 1692 168 1723 'anno
190 1694 294 1730 1488.
314 1687 532 1722 Innocentius
549 1688 644 1723 VIII.
664 1685 870 1732 Brugenses,
900 1687 1130 1724 candavenses
1155 1702 1187 1725 et
1210 1693 1385 1738 Y'prenfes
1407 1689 1592 1728 interdisto
1617 1690 1690 1724 iub-

75 1737 176 1785 jicere
196 1735 364 1777 tentasset,
391 1735 431 1771 ab
449 1735 518 1783 ejus
533 1733 692 1770 sententia
711 1733 892 1771 advocatus
912 1737 1025 1782 regius
1041 1741 1246 1784 provocavit
1271 1754 1315 1775 eo-
1329 1742 1571 1782 instrumento»,
1592 1738 1690 1784 quod

75 1786 181 1822 habes
199 1787 285 1822 inter
301 1785 522 1831 probationes
539 1783 736 1820 libertatum
755 1784 902 1820 ecclesiae
917 1786 1128 1828 Gallicanae,
1165 1799 1199 1823 et
1217 1789 1350 1825 senatus>
1374 1790 1560 1825 Parisiensis
1584 1790 1695 1823 inter-

80 1833 210 1872 diflum
228 1835 366 1870 irritum
387 1833 447 1869 esse
463 1835 701 1880 pronuntiavit
728 1834 821 1872 teste.
836 1835 1031 1881 Chophino.
1084 1838 1242 1882 Itemque*
1263 1851 1343 1874 cum·
1366 1840 1489 1875 Paulus
1513 1842 1557 1874 11.
1586 1838 1693 1873 eccle-

29 1896 38 1902 ‘
77 1884 159 1922 fiam
174 1883 431 1920 Nive-mensem
446 1881 632 1919 interdisto
651 1884 855 1931 subjecisset,
886 1883 1016 1920 sena-:us
1033 1886 1222 1923 Parifienfis
1239 1886 1349 1924 sanxit
1367 1888 1521 1926 officium.
1532 1888 1693 1923 divinum

21 1974 26 1976 ,
77 1935 172 1972 nulla
189 1932 366 1969 interdifii
379 1934 509 1969 ratione
531 1934 643 1969 habita
671 1933 807 1980 publice
833 1934 1082 1969 celebrandum.

178 1986 227 2019 Ex
244 1984 296 2019 his
316 1983 468 2023 abunde,
486 1994 524 2017 ut
540 1995 649 2029 patet,
667 1982 929 2019 demonstratum
946 1984 1054 2019 habeo
1074 1983 1301 2022 interdistum
1315 1987 1577 2028 ecclesiasticum-1,
1597 1985 1696 2032 quod

79 2035 117 2070 in
133 2045 298 2080 regnum,
325 2031 558 2079 provinciam,
586 2034 773 2074 civitatem,
801 2044 857 2068 aut
875 2033 1071 2080 parochiam
1095 2034 1139 2069 ob
1159 2038 1250 2081 regis
1270 2048 1328 2072 aut
1356 2037 1495 2073 alterius
1522 2048 1699 2084 peccatum

78 2082 210 2130 fertur,
237 2095 308 2118 rem
329 2080 391 2116 effe
409 2094 532 2116 novam
553 2093 584 2117 et
605 2083 773 2121 odiosam,
803 2096 868 2127 qua
884 2084 983 2118 valde.
995 2084 1232 2130 periculosum*
1249 2085 1299 2120 est
1319 2087 1386 2128 uri,
1424 2101 1464 2122 ne
1491 2087 1596 2122 dicam
1620 2085 1696 2120 fere
1726 2105 1730 2106 ν

81 2131 212 2180 {emper
231 2131 392 2179 injustum
413 2144 444 2167 et
463 2132 621 2176 iniquum
637 2146 643 2165 τ
697 2145 891 2179 repugnare
909 2135 1033 2168 etenim
1052 2134 1215 2178 aequitati
1244 2127 1386 2171 videtur⁴
1403 2137 1596 2171 innocentes
1615 2146 1696 2169 cunt

83 2184 193 2219 noxiis
212 2181 364 2221 involvi,
392 2193 423 2216 et
444 2180 487 2216 ob
505 2184 604 2216 unius
623 2195 802 2228 peccatum
818 2182 1010 2218 universam
1033 2182 1221 2230 societatem
1241 2186 1379 2231 puniri;
1404 2186 1602 2233 praesertim
1615 2195 1697 2218 cunr

85 2242 230 2282 reges-et
248 2232 432 2280 principes,
449 2242 596 2279 propter
616 2244 763 2277 quorum
773 2243 906 2280 peccata
924 2232 1078 2270 ecclefiae·
1090 2232 1278 2271 interdieta
1301 2234 1423 2284 subjici
1442 2234 1697 2318 solenrrfinnorn

1592 2293 1606 2301 .,
1628 2293 1648 2318 t
