1961 2718
292 209 364 249 ,με
517 202 588 237 DE
615 200 890 247 ANTIQUA
916 196 1202 235 EchEslAE
1228 195 1594 234 msc1rmNA-

243 303 327 333 tam,
355 302 386 326 et
404 290 462 337 qui
478 302 550 325 eam
572 301 641 324 non
667 299 744 326 ante
771 289 982 335 Gregorium
1015 289 1055 324 X.
1073 297 1131 323 aut
1153 284 1395 322 Innocentium
1419 287 1480 324 lV.
1511 282 1694 324 obtinuisse
1718 281 1854 320 ferum.

244 342 297 379 isti
315 343 405 377 enim
423 341 611 384 loquuntur
631 338 674 375 de
693 337 776 380 usu,
804 338 854 374 illi
873 338 913 374 de
934 336 1097 373 instituto.

394 393 505 425 Porro
525 401 594 424 non
612 388 646 424 id
666 388 775 425 solum
792 386 902 424 fecisse
922 383 1164 434 imperatorem
1180 394 1240 420 aut
1256 382 1460 432 pontificem
1476 381 1675 420 auctoritate
1694 381 1751 418 sua
1767 407 1774 423 ,
1803 379 1857 416 scd

246 455 285 478 ex
303 438 465 476 consensu
485 450 698 475 caeterorum
718 439 938 486 principum,
966 447 1039 473 tum
1059 449 1095 471 ex
1115 447 1154 471 eo
1172 433 1357 481 probatur,
1385 433 1481 480 quod
1505 431 1614 469 facere
1639 445 1710 468 non
1736 442 1860 480 potue-

245 493 309 532 rit,
337 502 412 526 tum
421 491 526 524 ‘etiam
545 501 583 524 ex
601 487 811 535 scriptorum
831 488 916 523 bene
935 487 1126 522 multorum
1146 482 1367 525 testimoniis,
1396 484 1602 520 chronicum
1622 494 1739 522 vetus,
1765 480 1862 528 cujus

244 552 403 577 autorem
422 539 539 574 dicunt
556 538 713 574 nonnulli
723 537 902 573 Albertum
919 535 1107 572 stadensem
1123 534 1164 570 ad
1182 546 1309 569 annum
1332 546 1434 578 1240.
1457 546 1494 568 ex
1507 533 1756 579 praetaxatione
1767 532 1860 577 prin·

245 593 361 637 cipum
389 600 419 624 et
449 587 613 623 consensu
636 587 767 634 eligunt
791 587 1037 634 imperatorem
1057 582 1290 621 Trevirenfis‚
1331 585 1564 631 Maguntinus
1591 594 1622 618 et
1648 579 1863 627 Augustinus

243 639 468 684 Triumphus
495 637 552 673 lib.
580 637 619 671 de
641 635 804 683 potestate
831 635 951 671 Eccles.
973 648 1005 681 q.
1028 647 1080 681 35.
1100 647 1128 669 a.
1160 646 1190 668 2.
1247 633 1440 678 Gregorius
1469 635 1511 670 V.
1536 644 1691 678 tempore
1716 629 1864 666 Othonis

241 689 456 737 imperatoris
478 689 673 722 convocatis
693 698 724 721 et
745 685 912 731 requisitis
932 683 1148 731 principibus
1159 682 1367 718 Allemaniae
1384 682 1510 729 septem
1528 680 1691 717 elestores
1708 678 1862 716 instituit.

242 738 439 786 Leopoldns
459 736 499 770 de
516 737 590 783 jure
608 737 744 780 imperii
763 747 788 769 c.
814 747 842 778 3.
901 734 1058 780 Tempore
1078 733 1220 770 Othonis
1237 732 1386 779 III.,qui
1399 731 1487 775 filiis
1504 733 1634 771 caruit,
1666 732 1747 778 fuit
1767 727 1863 775 insti-

243 799 371 826 tutum,
399 795 434 822 ut
451 798 514 832 per
533 794 638 819 certos
654 786 825 831 principes
837 783 1044 818 Germaniae
1056 782 1145 828 solus
1159 793 1224 830 per
1241 779 1419 824 officiarios
1439 784 1575 828 imperii
1585 782 1648 826 jeu
1673 780 1785 816 curiae
1801 780 1863 814 im.

242 840 385 889 perialis
408 837 594 883 eligeretur
609 836 802 880 imperator.
1177 849 1180 851 >

395 888 440 920 At
456 882 567 918 nullus
586 879 649 922 est,
678 881 736 927 qui
762 879 958 926 diligentius
976 877 1151 913 Nauclero
1177 875 1214 912 id
1239 887 1388 919 enarret,
1422 877 1524 925 hujus
1551 876 1633 914 haec
1660 875 1739 913 sunt
1765 875 1865 911 verba

243 946 394 983 generat.
418 944 470 977 34.
496 944 573 968 ann.
596 943 679 976 994.
732 930 807 966 Hoc
832 938 979 976 tempore
1005 927 1161 963 electores
1186 929 1325 973 imperii
1347 929 1498 976 primum
1524 928 1659 976 institui
1684 928 1864 976 leguntur,

242 986 285 1023 de
303 997 363 1033 quo
380 984 490 1032 aliqui
496 980 670 1028 scribunt,
697 980 784 1030 quod
803 979 889 1016 Otlzo
910 979 1036 1013 tertius
1052 988 1121 1012 cum
1139 975 1294 1012 haeredes
1316 987 1357 1012 ex
1369 978 1408 1023 se
1426 977 1651 1025 dependentes
1669 988 1776 1012 mares
1799 986 1866 1011 non

242 1034 400 1076 liaberet,
428 1032 601 1079 constituit
619 1042 660 1066 ex
678 1029 803 1078 confilio
818 1031 1010 1076 principum
1029 1026 1247 1066 Germaniae,
1272 1035 1310 1063 ut
1327 1028 1532 1073 imperatore
1544 1034 1672 1062 mortuo
1685 1028 1724 1061 in
1740 1023 1865 1072 oppido

241 1085 452 1129 Francofurt
487 1089 647 1128 perpetuo
683 1079 783 1120 fieret
808 1079 950 1118 electio,
994 1076 1207 1124 elec‘t'oresque
1234 1075 1407 1121 constituit
1431 1084 1503 1112 tres
1526 1076 1807 1123 archiepiscopos,
1835 1084 1866 1108 et

244 1132 448 1169 enumeratis
463 1131 504 1166 iis
523 1129 654 1177 septem
672 1127 714 1165 fic
731 1129 784 1164 ait.
838 1128 891 1164 Hi
904 1129 1032 1174 septem
1048 1128 1221 1173 principes
1239 1124 1395 1174 eligendi
1412 1127 1627 1172 imperatoris
1640 1127 1700 1174 jus
1725 1132 1757 1159 et
1773 1133 1864 1170 pote-

237 1182 411 1233 statemfic
427 1188 644 1229 acceperunt,
667 1190 698 1214 et
716 1190 812 1219 πιοΧ,
840 1180 954 1225 itaque
972 1178 1069 1211 aiunt
1091 1175 1299 1223 Gregorium
1320 1175 1362 1210 V.
1384 1177 1520 1223 cognita
1536 1176 1675 1222 imperii
1696 1172 1867 1209 imbecilli-

243 1242 335 1272 tate,
363 1233 599 1279 varietageque
608 1232 796 1276 fortunae,
823 1240 888 1275 quo
906 1226 1036 1262 diutius
1060 1224 1152 1271 apud
1169 1223 1352 1259 Germanos
1364 1226 1492 1269 summa
1508 1223 1652 1272 potestas
1668 1229 1864 1259 remaneret,

241 1284 365 1331 illeque
382 1282 519 1316 caeteris
533 1278 719 1325 praeesset,
747 1280 806 1325 qui
822 1279 954 1311 virtute
974 1284 1007 1309 et
1024 1274 1201 1322 dignitate
1219 1282 1365 1310 caeteros
1380 1273 1586 1320 praestaret,
1606 1272 1758 1318 retulzffe
1770 1273 1866 1316 sanc·

244 1334 368 1368 tionem
386 1330 427 1364 de
446 1331 648 1374 imperatore
663 1325 863 1373 deligendo,
889 1323 1050 1359 videlicet
1061 1324 1144 1367 solis
1160 1323 1260 1357 licere
1276 1322 1455 1358 Germanis
1477 1325 1666 1369 principem
1691 1322 1843 1370 deligere
1854 1317 1877 1361 ,'

244 1383 305 1430 qui
321 1381 451 1425 caesar,
479 1385 512 1412 et
536 1377 755 1411 Romanorum
772 1385 832 1409 rex
849 1373 1054 1419 appellatus,
1081 1380 1151 1405 tum
1173 1370 1299 1405 demum
1317 1370 1492 1418 Augustus
1515 1378 1549 1406 et
1567 1373 1754 1417 imperator
1769 1367 1864 1404 habe-

245 1438 360 1468 retur,
390 1439 460 1462 cum
479 1438 500 1460 a
518 1426 666 1461 Romano
680 1421 842 1470 pontifice
859 1421 1085 1457 benedictione
1105 1418 1289 1465 praemiffa
1311 1428 1540 1455 coronaretur.
1593 1419 1642 1454 Et
1660 1418 1747 1467 quod
1773 1417 1864 1453 ordi.

245 1480 387 1514 naverit
408 1488 478 1512 cum
492 1486 669 1522 procerum
688 1473 894 1508 Germaniae
910 1470 1062 1514 consensu
1078 1468 1230 1502 eleclores
1247 1468 1450 1512 praedictos,
1468 1470 1527 1515 qui
1546 1471 1621 1503 vice
1639 1471 1780 1503 omnium
1805 1468 1865 1503 eli·

244 1540 330 1577 gere
350 1525 520 1563 deberent.
573 1525 621 1560 Ex
643 1522 697 1558 his
715 1520 839 1560 habes,
868 1531 954 1564 quae
975 1515 1106 1551 fuerint
1130 1514 1320 1561 pontificis,
1356 1515 1580 1563 imperatoris
1608 1528 1641 1552 et
1665 1518 1862 1563 principum

245 1578 360 1613 hocin
379 1574 518 1620 negotio
536 1582 662 1618 partes,
714 1573 911 1616 Imperator
929 1567 1056 1614 septem
1085 1563 1246 1600 elestores
1271 1564 1397 1611 delegit
1422 1578 1460 1600 ex
1482 1565 1622 1601 confilio
1647 1567 1864 1613 principum,

245 1627 421 1674 principes
451 1622 573 1659 caeteri
594 1618 836 1656 consenserunt
852 1629 883 1653 et
902 1617 964 1653 suo
981 1616 1047 1664 juri
1065 1614 1237 1651 cesserunt.
1290 1613 1447 1651 Pontifex
1464 1615 1744 1652 constitutionem
1756 1617 1864 1661 impe·

245 1677 407 1712 ratoriam
425 1686 464 1708 ex
482 1669 642 1708 consensu
660 1669 860 1716 principum
878 1665 1002 1703 fastam
1020 1664 1181 1712 probavit
1198 1675 1230 1699 et
1245 1665 1390 1705 retulit,
1419 1677 1489 1701 non
1515 1676 1554 1701 ut
1572 1665 1796 1701 Bellarminus
1821 1664 1865 1700 le·

246 1727 316 1772 git,
343 1725 437 1760 tulit.
491 1722 581 1765 Quia
597 1720 699 1755 inlata
718 1717 831 1755 fuerat
849 1716 889 1753 ab
906 1718 1131 1762 imperatore,
1157 1714 1316 1750 convenit
1340 1715 1431 1750 inter
1456 1727 1576 1751 omnes
1604 1713 1770 1751 deleaum
1797 1715 1863 1749 im·

244 1786 437 1823 peratorem
455 1783 579 1806 nomen
599 1768 818 1816 imperatoris
846 1780 914 1803 non
935 1765 1204 1812 assumpturam,
1231 1762 1291 1797 nisi
1318 1765 1416 1809 prius
1444 1779 1462 1800 a
1488 1763 1652 1811 pontifice
1684 1775 1864 1800 coronatus

244 1823 366 1861 fuisset.
420 1825 538 1867 Itaque
553 1818 739 1855 electorum
759 1815 930 1854 institutio
949 1828 1018 1850 non
1038 1813 1216 1862 pontifici,
1244 1812 1298 1848 sed
1322 1816 1438 1859 potius
1457 1815 1678 1860 imperatori,
1705 1826 1742 1849 ac
1758 1814 1863 1849 maxi-

245 1887 300 1910 me
319 1883 530 1909 caeterorum
550 1870 768 1916 principum,
797 1879 948 1912 quorum
965 1876 1036 1901 erat
1055 1864 1180 1912 dejure
1197 1861 1258 1898 suo
1269 1864 1387 1900 cedere
1402 1863 1594 1905 consensui,
1625 1863 1732 1900 tribui
1751 1863 1861 1900 debet.

243 1924 284 1959 ld
304 1923 456 1958 observat
473 1919 651 1956 cardinalis
671 1917 822 1954 Cusanus
850 1916 891 1952 de
914 1914 1097 1951 concordia
1121 1911 1283 1949 catholica
1306 1912 1364 1950 lib.
1388 1925 1417 1958 3.
1438 1926 1509 1960 cap.
1531 1926 1563 1957 4.
1589 1913 1759 1950 Etenores
1775 1936 1786 1951 ,
1812 1913 1862 1947 in-

247 1973 337 2019 quit,
363 1975 421 2021 qui
437 1972 594 2006 communi
608 1970 759 2013 consensu
775 1969 919 2003 omnium
932 1967 1202 2001 Allemannorum
1222 1971 1254 1997 et
1273 1963 1438 2003 aliorum,
1464 1967 1523 2012 qui
1548 1965 1691 2010 imperio
1712 1961 1863 2009 Jubiefi'i

244 2031 363 2061 erant,
390 2028 535 2066 tempore
549 2018 695 2053 Henricl
710 2017 753 2053 II.
772 2016 943 2062 constituti
960 2016 1060 2059 sunt,
1088 2013 1271 2048 radicalem
1297 2016 1366 2047 vim
1392 2012 1515 2048 liabent
1540 2011 1582 2048 ab
1606 2013 1675 2059 ipso
1702 2013 1864 2048 communi

245 2075 384 2108 omnium
402 2069 568 2114 consensit,
595 2070 651 2116 qui
665 2065 726 2113 fibi
740 2067 898 2101 naturali
905 2066 990 2111 jure
1007 2066 1238 2109 imperatorem
1259 2061 1452 2108 constituere
1466 2071 1645 2110 poterant,
1670 2073 1736 2097 non
1754 2060 1796 2096 ab
1813 2062 1865 2107 ip·

240 2124 278 2168 so
298 2122 442 2156 Romano
458 2116 632 2164 pontifice,
662 2118 698 2151 in
719 2118 810 2162 cujus
825 2115 985 2161 potestate
1011 2126 1073 2148 non
1092 2111 1134 2157 est
1158 2111 1243 2146 dure
1260 2114 1438 2160 cuicunque
1459 2114 1657 2158 provinciae
1679 2121 1754 2157 per»
1768 2122 1863 2145 mun-

246 2172 321 2206 dum
342 2179 454 2217 regem
473 2169 525 2201 vel
545 2170 800 2212 imperatorem,
827 2165 898 2209 ipsa
917 2169 983 2198 non
1011 2164 1242 2206 consentiente.
1297 2163 1337 2195 Et
1367 2160 1592 2196 concurrebat
1616 2159 1656 2195 ad
1683 2159 1750 2194 hoc
1778 2171 1862 2194 con-

246 2221 357 2256 sensus
382 2217 546 2263 Gregorii
563 2217 605 2250 V.
626 2226 783 2259 tanquam
812 2226 912 2249 umus
933 2210 1107 2258 pontificis
1134 2210 1298 2243 Romani,
1330 2211 1388 2253 qui
1414 2211 1503 2256 justa
1531 2210 1674 2255 gradum
1699 2207 1797 2244 suum
1825 2209 1860 2243 in

243 2267 483 2306 consentiendo
502 2267 538 2302 in
557 2276 777 2302 communem
799 2265 1040 2312 imperatorem
1065 2257 1218 2296 interesse
1245 2258 1357 2295 habet.
1412 2261 1513 2296 {cene
1529 2259 1616 2307 ficut
1649 2261 1686 2294 in
1713 2259 1860 2294 conciliis

1707 2318 1811 2357 gene·
