<?xml version="1.0" encoding="UTF-8"?>
<!DOCTYPE html PUBLIC "-//W3C//DTD XHTML 1.0 Transitional//EN"
    "http://www.w3.org/TR/xhtml1/DTD/xhtml1-transitional.dtd">
<html xmlns="http://www.w3.org/1999/xhtml" xml:lang="en" lang="en">
 <head>
  <title>
</title>
<meta http-equiv="Content-Type" content="text/html;charset=utf-8" />
  <meta name='ocr-system' content='tesseract 3.04.00' />
  <meta name='ocr-capabilities' content='ocr_page ocr_carea ocr_par ocr_line ocrx_word'/>
</head>
<body>
  <div class='ocr_page' id='page_1' title='image "./deantiquaecclesi00dupiuoft_0272.png"; bbox 0 0 1982 2739; ppageno 0'>
   <div class='ocr_carea' id='block_1_1' title="bbox 372 204 1730 262">
    <p class='ocr_par' dir='ltr' id='par_1_1' title="bbox 372 204 1730 262">
     <span class='ocr_line' id='line_1_1' title="bbox 372 204 1730 262; baseline 0.021 -30"><span class='ocrx_word' id='word_1_1' title='bbox 372 204 440 242; x_wconf 76' lang='lat'>:46</span> <span class='ocrx_word' id='word_1_2' title='bbox 642 204 716 241; x_wconf 72' lang='grc' dir='ltr'>,ΠΕ</span> <span class='ocrx_word' id='word_1_3' title='bbox 743 205 1021 251; x_wconf 79' lang='lat' dir='ltr'><strong>ANTIQUA</strong></span> <span class='ocrx_word' id='word_1_4' title='bbox 1047 210 1359 250; x_wconf 82' lang='lat' dir='ltr'>ECCLESIAE</span> <span class='ocrx_word' id='word_1_5' title='bbox 1390 218 1730 262; x_wconf 78' lang='lat' dir='ltr'>DISCIPLINA</span> 
     </span>
    </p>
   </div>
   <div class='ocr_carea' id='block_1_2' title="bbox 314 287 1932 400">
    <p class='ocr_par' dir='ltr' id='par_1_2' title="bbox 314 287 1932 400">
     <span class='ocr_line' id='line_1_2' title="bbox 317 287 1932 354; baseline 0.021 -34"><span class='ocrx_word' id='word_1_6' title='bbox 317 287 530 333; x_wconf 79' lang='lat' dir='ltr'>evangelium</span> <span class='ocrx_word' id='word_1_7' title='bbox 554 301 650 327; x_wconf 84' lang='lat' dir='ltr'>erant</span> <span class='ocrx_word' id='word_1_8' title='bbox 672 297 925 332; x_wconf 81' lang='lat' dir='ltr'>annuntiaturi:</span> <span class='ocrx_word' id='word_1_9' title='bbox 953 308 987 332; x_wconf 71' lang='lat' dir='ltr'>at</span> <span class='ocrx_word' id='word_1_10' title='bbox 1006 297 1083 332; x_wconf 82' lang='lat' dir='ltr'>inde</span> <span class='ocrx_word' id='word_1_11' title='bbox 1100 299 1216 347; x_wconf 79' lang='lat' dir='ltr'>colligi</span> <span class='ocrx_word' id='word_1_12' title='bbox 1235 304 1375 340; x_wconf 82' lang='lat' dir='ltr'>minime</span> <span class='ocrx_word' id='word_1_13' title='bbox 1402 307 1512 353; x_wconf 86' lang='lat' dir='ltr'>potest</span> <span class='ocrx_word' id='word_1_14' title='bbox 1526 323 1602 346; x_wconf 83' lang='lat' dir='ltr'>curn</span> <span class='ocrx_word' id='word_1_15' title='bbox 1620 312 1848 354; x_wconf 79' lang='lat' dir='ltr'>Bellarmino,</span> <span class='ocrx_word' id='word_1_16' title='bbox 1872 317 1932 354; x_wconf 78' lang='lat' dir='ltr'>Pe-</span> 
     </span>
     <span class='ocr_line' id='line_1_3' title="bbox 314 340 1584 400; baseline 0.02 -29"><span class='ocrx_word' id='word_1_17' title='bbox 314 344 370 372; x_wconf 75' lang='lat' dir='ltr'>tro</span> <span class='ocrx_word' id='word_1_18' title='bbox 386 340 490 374; x_wconf 74' lang='lat' dir='ltr'>totius</span> <span class='ocrx_word' id='word_1_19' title='bbox 504 340 651 386; x_wconf 75' lang='lat' dir='ltr'>ecclesiae</span> <span class='ocrx_word' id='word_1_20' title='bbox 666 348 818 393; x_wconf 71' lang='lat' dir='ltr'>regimen</span> <span class='ocrx_word' id='word_1_21' title='bbox 834 347 893 394; x_wconf 66' lang='lat' dir='ltr'>effe</span> <span class='ocrx_word' id='word_1_22' title='bbox 910 348 1105 394; x_wconf 76' lang='lat' dir='ltr'>commifficm</span> <span class='ocrx_word' id='word_1_23' title='bbox 1116 375 1124 390; x_wconf 86' lang='lat'><em>‚</em></span> <span class='ocrx_word' id='word_1_24' title='bbox 1149 353 1350 398; x_wconf 79' lang='lat' dir='ltr'>praesertim</span> <span class='ocrx_word' id='word_1_25' title='bbox 1369 359 1457 392; x_wconf 81' lang='lat' dir='ltr'>circa</span> <span class='ocrx_word' id='word_1_26' title='bbox 1468 357 1584 400; x_wconf 78' lang='lat' dir='ltr'>fidem.</span> 
     </span>
    </p>
   </div>
   <div class='ocr_carea' id='block_1_3' title="bbox 272 421 1943 2347">
    <p class='ocr_par' dir='ltr' id='par_1_3' title="bbox 272 421 1943 2304">
     <span class='ocr_line' id='line_1_4' title="bbox 465 421 1928 488; baseline 0.016 -34"><span class='ocrx_word' id='word_1_27' title='bbox 465 423 579 465; x_wconf 84' lang='lat' dir='ltr'>Atque</span> <span class='ocrx_word' id='word_1_28' title='bbox 597 421 632 456; x_wconf 89' lang='lat' dir='ltr'>id</span> <span class='ocrx_word' id='word_1_29' title='bbox 649 421 784 459; x_wconf 80' lang='lat' dir='ltr'>abunde</span> <span class='ocrx_word' id='word_1_30' title='bbox 801 423 1025 461; x_wconf 83' lang='lat' dir='ltr'>confirmatur</span> <span class='ocrx_word' id='word_1_31' title='bbox 1043 439 1083 462; x_wconf 82' lang='lat' dir='ltr'>ex</span> <span class='ocrx_word' id='word_1_32' title='bbox 1102 426 1320 474; x_wconf 85' lang='lat' dir='ltr'>sequentibus</span> <span class='ocrx_word' id='word_1_33' title='bbox 1340 432 1464 469; x_wconf 80' lang='lat' dir='ltr'>Christi</span> <span class='ocrx_word' id='word_1_34' title='bbox 1483 437 1614 480; x_wconf 86' lang='lat' dir='ltr'>verbis,</span> <span class='ocrx_word' id='word_1_35' title='bbox 1641 439 1768 488; x_wconf 84' lang='lat' dir='ltr'>quibus</span> <span class='ocrx_word' id='word_1_36' title='bbox 1787 442 1928 488; x_wconf 76' lang='lat' dir='ltr'>exponit</span> 
     </span>
     <span class='ocr_line' id='line_1_5' title="bbox 313 467 1929 539; baseline 0.014 -38"><span class='ocrx_word' id='word_1_37' title='bbox 313 467 349 503; x_wconf 80' lang='lat' dir='ltr'>id</span> <span class='ocrx_word' id='word_1_38' title='bbox 368 469 460 513; x_wconf 85' lang='lat' dir='ltr'>quod</span> <span class='ocrx_word' id='word_1_39' title='bbox 481 470 626 512; x_wconf 70' lang='lat' dir='ltr'>dixerat,</span> <span class='ocrx_word' id='word_1_40' title='bbox 651 473 832 515; x_wconf 76' lang='lat' dir='ltr'>aedificabo</span> <span class='ocrx_word' id='word_1_41' title='bbox 853 476 1007 520; x_wconf 77' lang='lat' dir='ltr'>ecclefiam</span> <span class='ocrx_word' id='word_1_42' title='bbox 1025 489 1136 512; x_wconf 82' lang='lat' dir='ltr'>meam.</span> <span class='ocrx_word' id='word_1_43' title='bbox 1168 477 1266 517; x_wconf 86' lang='lat' dir='ltr'><em>Tibi,</em></span> <span class='ocrx_word' id='word_1_44' title='bbox 1293 482 1430 527; x_wconf 82' lang='lat' dir='ltr'>iuquit,</span> <span class='ocrx_word' id='word_1_45' title='bbox 1456 485 1541 522; x_wconf 83' lang='lat' dir='ltr'>dabo</span> <span class='ocrx_word' id='word_1_46' title='bbox 1562 490 1671 524; x_wconf 79' lang='lat' dir='ltr'>claves</span> <span class='ocrx_word' id='word_1_47' title='bbox 1695 495 1801 539; x_wconf 79' lang='lat' dir='ltr'>regni</span> <span class='ocrx_word' id='word_1_48' title='bbox 1826 492 1929 527; x_wconf 83' lang='lat' dir='ltr'>coelo.</span> 
     </span>
     <span class='ocr_line' id='line_1_6' title="bbox 313 519 1930 580; baseline 0.016 -29"><span class='ocrx_word' id='word_1_49' title='bbox 313 530 405 558; x_wconf 78' lang='lat' dir='ltr'>rmn3</span> <span class='ocrx_word' id='word_1_50' title='bbox 433 528 467 553; x_wconf 87' lang='lat' dir='ltr'>et</span> <span class='ocrx_word' id='word_1_51' title='bbox 484 519 705 568; x_wconf 78' lang='lat' dir='ltr'>quodcumque</span> <span class='ocrx_word' id='word_1_52' title='bbox 729 524 898 571; x_wconf 75' lang='lat' dir='ltr'><em>ligaveris</em></span> <span class='ocrx_word' id='word_1_53' title='bbox 909 527 1015 572; x_wconf 78' lang='lat' dir='ltr'>super</span> <span class='ocrx_word' id='word_1_54' title='bbox 1031 535 1179 569; x_wconf 86' lang='lat' dir='ltr'>terram,</span> <span class='ocrx_word' id='word_1_55' title='bbox 1205 531 1271 563; x_wconf 83' lang='lat' dir='ltr'>erit</span> <span class='ocrx_word' id='word_1_56' title='bbox 1288 532 1433 580; x_wconf 76' lang='lat' dir='ltr'>ligatum</span> <span class='ocrx_word' id='word_1_57' title='bbox 1454 543 1488 570; x_wconf 84' lang='lat' dir='ltr'>et</span> <span class='ocrx_word' id='word_1_58' title='bbox 1504 539 1540 571; x_wconf 84' lang='lat' dir='ltr'>in</span> <span class='ocrx_word' id='word_1_59' title='bbox 1556 540 1661 573; x_wconf 82' lang='lat' dir='ltr'>caelis.</span> <span class='ocrx_word' id='word_1_60' title='bbox 1718 542 1816 576; x_wconf 80' lang='lat' dir='ltr'>Hanc</span> <span class='ocrx_word' id='word_1_61' title='bbox 1837 541 1930 577; x_wconf 85' lang='lat' dir='ltr'>enim</span> 
     </span>
     <span class='ocr_line' id='line_1_7' title="bbox 310 565 1929 626; baseline 0.017 -27"><span class='ocrx_word' id='word_1_62' title='bbox 310 565 509 612; x_wconf 76' lang='lat' dir='ltr'>potestatem</span> <span class='ocrx_word' id='word_1_63' title='bbox 527 568 684 607; x_wconf 81' lang='lat' dir='ltr'>clavium,</span> <span class='ocrx_word' id='word_1_64' title='bbox 703 583 803 615; x_wconf 84' lang='lat' dir='ltr'>quam</span> <span class='ocrx_word' id='word_1_65' title='bbox 822 572 976 608; x_wconf 80' lang='lat' dir='ltr'>Christus</span> <span class='ocrx_word' id='word_1_66' title='bbox 1002 576 1057 608; x_wconf 81' lang='lat' dir='ltr'>hic</span> <span class='ocrx_word' id='word_1_67' title='bbox 1075 578 1174 611; x_wconf 81' lang='lat' dir='ltr'>Petto</span> <span class='ocrx_word' id='word_1_68' title='bbox 1190 581 1377 623; x_wconf 82' lang='lat' dir='ltr'>promittit,</span> <span class='ocrx_word' id='word_1_69' title='bbox 1404 582 1521 620; x_wconf 82' lang='lat' dir='ltr'>iisdem</span> <span class='ocrx_word' id='word_1_70' title='bbox 1540 585 1661 622; x_wconf 88' lang='lat' dir='ltr'>deinde</span> <span class='ocrx_word' id='word_1_71' title='bbox 1684 588 1796 624; x_wconf 81' lang='lat' dir='ltr'>verbis</span> <span class='ocrx_word' id='word_1_72' title='bbox 1815 589 1929 626; x_wconf 75' lang='lat' dir='ltr'>omni-</span> 
     </span>
     <span class='ocr_line' id='line_1_8' title="bbox 312 617 1926 681; baseline 0.015 -31"><span class='ocrx_word' id='word_1_73' title='bbox 312 617 374 650; x_wconf 82' lang='lat' dir='ltr'>bus</span> <span class='ocrx_word' id='word_1_74' title='bbox 393 618 537 652; x_wconf 88' lang='lat' dir='ltr'>omnino</span> <span class='ocrx_word' id='word_1_75' title='bbox 554 617 924 665; x_wconf 66' lang='lat' dir='ltr'>apostolisffpsomirtit‚</span> <span class='ocrx_word' id='word_1_76' title='bbox 952 625 1052 659; x_wconf 83' lang='lat' dir='ltr'>Matr.</span> <span class='ocrx_word' id='word_1_77' title='bbox 1077 632 1131 664; x_wconf 83' lang='lat'>18.</span> <span class='ocrx_word' id='word_1_78' title='bbox 1148 637 1180 659; x_wconf 86' lang='lat' dir='ltr'>et</span> <span class='ocrx_word' id='word_1_79' title='bbox 1202 627 1358 675; x_wconf 77' lang='lat' dir='ltr'>deinceps</span> <span class='ocrx_word' id='word_1_80' title='bbox 1384 633 1517 668; x_wconf 55' lang='lat' dir='ltr'>cunfiiis</span> <span class='ocrx_word' id='word_1_81' title='bbox 1543 635 1705 681; x_wconf 85' lang='lat' dir='ltr'>largitur,</span> <span class='ocrx_word' id='word_1_82' title='bbox 1741 641 1841 674; x_wconf 79' lang='lat' dir='ltr'>Matr.</span> <span class='ocrx_word' id='word_1_83' title='bbox 1868 646 1926 680; x_wconf 84' lang='lat'>28.</span> 
     </span>
     <span class='ocr_line' id='line_1_9' title="bbox 310 667 1925 728; baseline 0.017 -29"><span class='ocrx_word' id='word_1_84' title='bbox 310 677 341 700; x_wconf 89' lang='lat' dir='ltr'>et</span> <span class='ocrx_word' id='word_1_85' title='bbox 361 668 458 712; x_wconf 80' lang='lat' dir='ltr'>Juan.</span> <span class='ocrx_word' id='word_1_86' title='bbox 482 679 538 700; x_wconf 89' lang='lat'>20.</span> <span class='ocrx_word' id='word_1_87' title='bbox 566 667 619 701; x_wconf 83' lang='lat' dir='ltr'>Illi</span> <span class='ocrx_word' id='word_1_88' title='bbox 637 669 743 713; x_wconf 85' lang='lat' dir='ltr'>igitur</span> <span class='ocrx_word' id='word_1_89' title='bbox 759 670 893 715; x_wconf 84' lang='lat' dir='ltr'>oppido</span> <span class='ocrx_word' id='word_1_90' title='bbox 912 670 1095 710; x_wconf 79' lang='lat' dir='ltr'>falluntur,</span> <span class='ocrx_word' id='word_1_91' title='bbox 1120 676 1180 719; x_wconf 87' lang='lat' dir='ltr'>qui</span> <span class='ocrx_word' id='word_1_92' title='bbox 1199 676 1261 711; x_wconf 70' lang='lat' dir='ltr'>ioli</span> <span class='ocrx_word' id='word_1_93' title='bbox 1279 680 1380 714; x_wconf 86' lang='lat' dir='ltr'>Petro</span> <span class='ocrx_word' id='word_1_94' title='bbox 1399 681 1491 716; x_wconf 70' lang='lat' dir='ltr'>datas</span> <span class='ocrx_word' id='word_1_95' title='bbox 1510 683 1616 718; x_wconf 75' lang='lat' dir='ltr'>claves</span> <span class='ocrx_word' id='word_1_96' title='bbox 1644 685 1707 721; x_wconf 82' lang='lat' dir='ltr'>effe</span> <span class='ocrx_word' id='word_1_97' title='bbox 1735 700 1925 728; x_wconf 80' lang='lat' dir='ltr'>autumant.</span> 
     </span>
     <span class='ocr_line' id='line_1_10' title="bbox 309 716 1926 782; baseline 0.017 -34"><span class='ocrx_word' id='word_1_98' title='bbox 309 719 354 749; x_wconf 81' lang='lat' dir='ltr'>At</span> <span class='ocrx_word' id='word_1_99' title='bbox 374 727 443 750; x_wconf 88' lang='lat' dir='ltr'>non</span> <span class='ocrx_word' id='word_1_100' title='bbox 461 716 505 750; x_wconf 78' lang='lat' dir='ltr'>ixa</span> <span class='ocrx_word' id='word_1_101' title='bbox 521 717 665 762; x_wconf 79' lang='lat' dir='ltr'>antiqui,</span> <span class='ocrx_word' id='word_1_102' title='bbox 686 719 743 762; x_wconf 84' lang='lat' dir='ltr'>qui</span> <span class='ocrx_word' id='word_1_103' title='bbox 760 720 914 754; x_wconf 72' lang='lat' dir='ltr'>unanimi</span> <span class='ocrx_word' id='word_1_104' title='bbox 933 720 1094 756; x_wconf 85' lang='lat' dir='ltr'>consensu</span> <span class='ocrx_word' id='word_1_105' title='bbox 1119 724 1258 760; x_wconf 83' lang='lat' dir='ltr'>tradunt</span> <span class='ocrx_word' id='word_1_106' title='bbox 1281 727 1387 763; x_wconf 80' lang='lat' dir='ltr'>claves</span> <span class='ocrx_word' id='word_1_107' title='bbox 1405 730 1480 765; x_wconf 83' lang='lat' dir='ltr'>istas</span> <span class='ocrx_word' id='word_1_108' title='bbox 1506 733 1541 769; x_wconf 83' lang='lat' dir='ltr'>in</span> <span class='ocrx_word' id='word_1_109' title='bbox 1566 735 1714 779; x_wconf 81' lang='lat' dir='ltr'>perlona</span> <span class='ocrx_word' id='word_1_110' title='bbox 1737 739 1828 773; x_wconf 86' lang='lat' dir='ltr'>Petri</span> <span class='ocrx_word' id='word_1_111' title='bbox 1859 739 1926 782; x_wconf 60' lang='lat' dir='ltr'>toti</span> 
     </span>
     <span class='ocr_line' id='line_1_11' title="bbox 309 763 1924 826; baseline 0.015 -27"><span class='ocrx_word' id='word_1_112' title='bbox 309 763 461 799; x_wconf 76' lang='lat' dir='ltr'>ecclesiae</span> <span class='ocrx_word' id='word_1_113' title='bbox 479 764 582 800; x_wconf 80' lang='lat' dir='ltr'>datas.</span> <span class='ocrx_word' id='word_1_114' title='bbox 638 767 788 803; x_wconf 86' lang='lat' dir='ltr'>Tertull.</span> <span class='ocrx_word' id='word_1_115' title='bbox 803 769 838 802; x_wconf 86' lang='lat' dir='ltr'>in</span> <span class='ocrx_word' id='word_1_116' title='bbox 857 771 1051 814; x_wconf 78' lang='lat' dir='ltr'>Scorpiaco.</span> <span class='ocrx_word' id='word_1_117' title='bbox 1101 773 1276 809; x_wconf 77' lang='lat' dir='ltr'><strong><em>Memento</em></strong></span> <span class='ocrx_word' id='word_1_118' title='bbox 1295 779 1402 813; x_wconf 82' lang='lat' dir='ltr'>claves</span> <span class='ocrx_word' id='word_1_119' title='bbox 1420 782 1490 826; x_wconf 81' lang='lat' dir='ltr'>ejus</span> <span class='ocrx_word' id='word_1_120' title='bbox 1507 783 1560 817; x_wconf 78' lang='lat' dir='ltr'>hic</span> <span class='ocrx_word' id='word_1_121' title='bbox 1584 783 1750 821; x_wconf 85' lang='lat' dir='ltr'>dominum</span> <span class='ocrx_word' id='word_1_122' title='bbox 1774 788 1874 823; x_wconf 80' lang='lat' dir='ltr'>Petro</span> <span class='ocrx_word' id='word_1_123' title='bbox 1889 797 1924 824; x_wconf 79' lang='lat' dir='ltr'>et</span> 
     </span>
     <span class='ocr_line' id='line_1_12' title="bbox 303 814 1925 873; baseline 0.016 -26"><span class='ocrx_word' id='word_1_124' title='bbox 303 825 366 859; x_wconf 78' lang='lat' dir='ltr'>per</span> <span class='ocrx_word' id='word_1_125' title='bbox 384 825 453 848; x_wconf 85' lang='lat' dir='ltr'>eum</span> <span class='ocrx_word' id='word_1_126' title='bbox 470 814 614 861; x_wconf 76' lang='lat' dir='ltr'>ecclcsiae</span> <span class='ocrx_word' id='word_1_127' title='bbox 634 817 698 850; x_wconf 80' lang='lat' dir='ltr'>reli</span> <span class='ocrx_word' id='word_1_128' title='bbox 722 817 810 862; x_wconf 77' lang='lat' dir='ltr'>mſje.</span> <span class='ocrx_word' id='word_1_129' title='bbox 841 819 1034 863; x_wconf 83' lang='lat' dir='ltr'>Cyprianus</span> <span class='ocrx_word' id='word_1_130' title='bbox 1054 820 1089 853; x_wconf 87' lang='lat' dir='ltr'>in</span> <span class='ocrx_word' id='word_1_131' title='bbox 1108 820 1166 855; x_wconf 87' lang='lat' dir='ltr'>lib.</span> <span class='ocrx_word' id='word_1_132' title='bbox 1184 821 1226 856; x_wconf 90' lang='lat' dir='ltr'>de</span> <span class='ocrx_word' id='word_1_133' title='bbox 1243 826 1367 860; x_wconf 79' lang='lat' dir='ltr'>unitate</span> <span class='ocrx_word' id='word_1_134' title='bbox 1386 828 1537 865; x_wconf 75' lang='lat' dir='ltr'>ecclesiae</span> <span class='ocrx_word' id='word_1_135' title='bbox 1553 832 1606 871; x_wconf 88' lang='lat' dir='ltr'>ait,</span> <span class='ocrx_word' id='word_1_136' title='bbox 1626 833 1797 870; x_wconf 88' lang='lat' dir='ltr'>Christum</span> <span class='ocrx_word' id='word_1_137' title='bbox 1815 848 1925 873; x_wconf 88' lang='lat' dir='ltr'>unum</span> 
     </span>
     <span class='ocr_line' id='line_1_13' title="bbox 304 862 1924 927; baseline 0.016 -31"><span class='ocrx_word' id='word_1_138' title='bbox 304 865 442 897; x_wconf 85' lang='lat' dir='ltr'>Petrum</span> <span class='ocrx_word' id='word_1_139' title='bbox 463 862 648 898; x_wconf 83' lang='lat' dir='ltr'>allocutum</span> <span class='ocrx_word' id='word_1_140' title='bbox 670 876 685 898; x_wconf 88' lang='lat' dir='ltr'>e</span> <span class='ocrx_word' id='word_1_141' title='bbox 714 877 739 905; x_wconf 86' lang='lat' dir='ltr'>e,</span> <span class='ocrx_word' id='word_1_142' title='bbox 756 876 792 899; x_wconf 89' lang='lat' dir='ltr'>ut</span> <span class='ocrx_word' id='word_1_143' title='bbox 807 867 1059 903; x_wconf 76' lang='lat' dir='ltr'>commendaret</span> <span class='ocrx_word' id='word_1_144' title='bbox 1079 870 1252 906; x_wconf 75' lang='lat' dir='ltr'>unitatem,</span> <span class='ocrx_word' id='word_1_145' title='bbox 1303 874 1379 908; x_wconf 86' lang='lat' dir='ltr'>Hoc</span> <span class='ocrx_word' id='word_1_146' title='bbox 1399 887 1499 913; x_wconf 86' lang='lat' dir='ltr'>erant</span> <span class='ocrx_word' id='word_1_147' title='bbox 1523 883 1659 926; x_wconf 79' lang='lat' dir='ltr'>utique,</span> <span class='ocrx_word' id='word_1_148' title='bbox 1685 884 1818 927; x_wconf 84' lang='lat' dir='ltr'>inquit,</span> <span class='ocrx_word' id='word_1_149' title='bbox 1853 898 1924 922; x_wconf 82' lang='lat' dir='ltr'>cae-</span> 
     </span>
     <span class='ocr_line' id='line_1_14' title="bbox 301 912 1925 976; baseline 0.012 -29"><span class='ocrx_word' id='word_1_150' title='bbox 301 915 372 947; x_wconf 83' lang='lat' dir='ltr'>teri</span> <span class='ocrx_word' id='word_1_151' title='bbox 388 912 545 958; x_wconf 76' lang='lat' dir='ltr'>apostoli,</span> <span class='ocrx_word' id='word_1_152' title='bbox 570 912 657 961; x_wconf 85' lang='lat' dir='ltr'>quod</span> <span class='ocrx_word' id='word_1_153' title='bbox 679 916 754 958; x_wconf 73' lang='lat' dir='ltr'>fuit</span> <span class='ocrx_word' id='word_1_154' title='bbox 773 914 891 949; x_wconf 84' lang='lat' dir='ltr'>Petrus</span> <span class='ocrx_word' id='word_1_155' title='bbox 907 919 991 962; x_wconf 83' lang='lat' dir='ltr'>pari</span> <span class='ocrx_word' id='word_1_156' title='bbox 1009 919 1168 961; x_wconf 72' lang='lat' dir='ltr'>consortio</span> <span class='ocrx_word' id='word_1_157' title='bbox 1183 921 1340 964; x_wconf 73' lang='lat' dir='ltr'>praediti</span> <span class='ocrx_word' id='word_1_158' title='bbox 1362 925 1498 960; x_wconf 80' lang='lat' dir='ltr'>honoris</span> <span class='ocrx_word' id='word_1_159' title='bbox 1515 937 1549 962; x_wconf 83' lang='lat' dir='ltr'>et</span> <span class='ocrx_word' id='word_1_160' title='bbox 1563 930 1750 976; x_wconf 80' lang='lat' dir='ltr'>potestatis,</span> <span class='ocrx_word' id='word_1_161' title='bbox 1785 933 1845 975; x_wconf 80' lang='lat' dir='ltr'>fed</span> <span class='ocrx_word' id='word_1_162' title='bbox 1866 946 1925 970; x_wconf 79' lang='lat' dir='ltr'>ex-</span> 
     </span>
     <span class='ocr_line' id='line_1_15' title="bbox 301 959 1919 1019; baseline 0.015 -25"><span class='ocrx_word' id='word_1_163' title='bbox 301 959 434 995; x_wconf 82' lang='lat' dir='ltr'>ordium</span> <span class='ocrx_word' id='word_1_164' title='bbox 453 959 494 994; x_wconf 78' lang='lat' dir='ltr'>ab</span> <span class='ocrx_word' id='word_1_165' title='bbox 513 963 648 995; x_wconf 85' lang='lat' dir='ltr'>unitate</span> <span class='ocrx_word' id='word_1_166' title='bbox 661 961 896 1008; x_wconf 68' lang='lat' dir='ltr'>proficiscitur.</span> <span class='ocrx_word' id='word_1_167' title='bbox 951 966 1142 1002; x_wconf 80' lang='lat' dir='ltr'>Exordium</span> <span class='ocrx_word' id='word_1_168' title='bbox 1157 967 1238 1003; x_wconf 84' lang='lat' dir='ltr'>dicit</span> <span class='ocrx_word' id='word_1_169' title='bbox 1253 971 1477 1016; x_wconf 65' lang='lat' dir='ltr'>promissum:</span> <span class='ocrx_word' id='word_1_170' title='bbox 1506 976 1589 1012; x_wconf 87' lang='lat' dir='ltr'>dabo</span> <span class='ocrx_word' id='word_1_171' title='bbox 1611 978 1679 1014; x_wconf 87' lang='lat' dir='ltr'>tibi</span> <span class='ocrx_word' id='word_1_172' title='bbox 1701 982 1829 1018; x_wconf 81' lang='lat' dir='ltr'>claves,</span> <span class='ocrx_word' id='word_1_173' title='bbox 1857 993 1919 1019; x_wconf 85' lang='lat' dir='ltr'>etc.</span> 
     </span>
     <span class='ocr_line' id='line_1_16' title="bbox 299 1007 1917 1068; baseline 0.015 -26"><span class='ocrx_word' id='word_1_174' title='bbox 299 1009 394 1053; x_wconf 90' lang='lat' dir='ltr'>quod</span> <span class='ocrx_word' id='word_1_175' title='bbox 416 1009 538 1044; x_wconf 83' lang='lat' dir='ltr'>deinde</span> <span class='ocrx_word' id='word_1_176' title='bbox 555 1007 685 1045; x_wconf 69' lang='lat' dir='ltr'>cunstis</span> <span class='ocrx_word' id='word_1_177' title='bbox 703 1009 800 1046; x_wconf 81' lang='lat' dir='ltr'>simul</span> <span class='ocrx_word' id='word_1_178' title='bbox 818 1012 921 1048; x_wconf 83' lang='lat' dir='ltr'>dedit.</span> <span class='ocrx_word' id='word_1_179' title='bbox 949 1015 1121 1062; x_wconf 78' lang='lat' dir='ltr'>Loquitur</span> <span class='ocrx_word' id='word_1_180' title='bbox 1137 1017 1251 1063; x_wconf 87' lang='lat' dir='ltr'>inquit</span> <span class='ocrx_word' id='word_1_181' title='bbox 1268 1019 1358 1056; x_wconf 87' lang='lat' dir='ltr'>idem</span> <span class='ocrx_word' id='word_1_182' title='bbox 1385 1022 1464 1059; x_wconf 85' lang='lat' dir='ltr'>ibid.</span> <span class='ocrx_word' id='word_1_183' title='bbox 1499 1025 1669 1063; x_wconf 77' lang='lat' dir='ltr'>Dominus</span> <span class='ocrx_word' id='word_1_184' title='bbox 1695 1030 1742 1064; x_wconf 76' lang='lat' dir='ltr'>ad</span> <span class='ocrx_word' id='word_1_185' title='bbox 1772 1032 1917 1068; x_wconf 74' lang='lat' dir='ltr'>Petrum.</span> 
     </span>
     <span class='ocr_line' id='line_1_17' title="bbox 297 1058 1918 1128; baseline 0.015 -36"><span class='ocrx_word' id='word_1_186' title='bbox 297 1058 375 1106; x_wconf 88' lang='lat' dir='ltr'>Ego</span> <span class='ocrx_word' id='word_1_187' title='bbox 392 1059 458 1093; x_wconf 83' lang='lat' dir='ltr'>tibi</span> <span class='ocrx_word' id='word_1_188' title='bbox 478 1058 567 1098; x_wconf 84' lang='lat' dir='ltr'>dico,</span> <span class='ocrx_word' id='word_1_189' title='bbox 591 1060 723 1104; x_wconf 86' lang='lat' dir='ltr'>inquit,</span> <span class='ocrx_word' id='word_1_190' title='bbox 751 1064 830 1109; x_wconf 84' lang='lat' dir='ltr'>quia</span> <span class='ocrx_word' id='word_1_191' title='bbox 846 1071 886 1097; x_wconf 87' lang='lat' dir='ltr'>tu</span> <span class='ocrx_word' id='word_1_192' title='bbox 904 1075 936 1098; x_wconf 90' lang='lat' dir='ltr'>es</span> <span class='ocrx_word' id='word_1_193' title='bbox 952 1065 1088 1107; x_wconf 76' lang='lat' dir='ltr'>Petrus,</span> <span class='ocrx_word' id='word_1_194' title='bbox 1125 1075 1185 1102; x_wconf 84' lang='lat' dir='ltr'>etc.</span> <span class='ocrx_word' id='word_1_195' title='bbox 1235 1068 1344 1116; x_wconf 74' lang='lat' dir='ltr'>Super</span> <span class='ocrx_word' id='word_1_196' title='bbox 1371 1072 1465 1107; x_wconf 83' lang='lat' dir='ltr'>illum</span> <span class='ocrx_word' id='word_1_197' title='bbox 1489 1086 1591 1110; x_wconf 85' lang='lat' dir='ltr'>unum</span> <span class='ocrx_word' id='word_1_198' title='bbox 1616 1077 1772 1120; x_wconf 82' lang='lat' dir='ltr'>aedificat</span> <span class='ocrx_word' id='word_1_199' title='bbox 1798 1081 1918 1128; x_wconf 56' lang='lat' dir='ltr'>ecclcsi-</span> 
     </span>
     <span class='ocr_line' id='line_1_18' title="bbox 297 1110 1917 1171; baseline 0.015 -29"><span class='ocrx_word' id='word_1_200' title='bbox 297 1119 365 1147; x_wconf 82' lang='lat' dir='ltr'>am,</span> <span class='ocrx_word' id='word_1_201' title='bbox 394 1111 543 1155; x_wconf 84' lang='lat' dir='ltr'>quamvis</span> <span class='ocrx_word' id='word_1_202' title='bbox 561 1110 713 1156; x_wconf 75' lang='lat' dir='ltr'>apostolis</span> <span class='ocrx_word' id='word_1_203' title='bbox 731 1110 881 1146; x_wconf 81' lang='lat' dir='ltr'>omnibus</span> <span class='ocrx_word' id='word_1_204' title='bbox 896 1113 967 1160; x_wconf 76' lang='lat' dir='ltr'>post</span> <span class='ocrx_word' id='word_1_205' title='bbox 990 1115 1268 1156; x_wconf 64' lang='lat' dir='ltr'>relitrreft&#39;ionem</span> <span class='ocrx_word' id='word_1_206' title='bbox 1286 1122 1383 1164; x_wconf 77' lang='lat' dir='ltr'>suam</span> <span class='ocrx_word' id='word_1_207' title='bbox 1405 1134 1523 1168; x_wconf 82' lang='lat' dir='ltr'>parem</span> <span class='ocrx_word' id='word_1_208' title='bbox 1546 1127 1740 1171; x_wconf 75' lang='lat' dir='ltr'>potestatem</span> <span class='ocrx_word' id='word_1_209' title='bbox 1766 1129 1917 1171; x_wconf 79' lang='lat' dir='ltr'>tribuat.</span> 
     </span>
     <span class='ocr_line' id='line_1_19' title="bbox 295 1155 1916 1224; baseline 0.015 -33"><span class='ocrx_word' id='word_1_210' title='bbox 295 1166 329 1192; x_wconf 89' lang='lat' dir='ltr'>et</span> <span class='ocrx_word' id='word_1_211' title='bbox 348 1155 458 1192; x_wconf 85' lang='lat' dir='ltr'>dicat:</span> <span class='ocrx_word' id='word_1_212' title='bbox 484 1156 565 1202; x_wconf 84' lang='lat' dir='ltr'>ficut</span> <span class='ocrx_word' id='word_1_213' title='bbox 582 1159 667 1205; x_wconf 71' lang='lat' dir='ltr'>misit</span> <span class='ocrx_word' id='word_1_214' title='bbox 683 1171 730 1195; x_wconf 85' lang='lat' dir='ltr'>me</span> <span class='ocrx_word' id='word_1_215' title='bbox 749 1163 868 1195; x_wconf 80' lang='lat' dir='ltr'>vivens</span> <span class='ocrx_word' id='word_1_216' title='bbox 890 1171 1009 1208; x_wconf 78' lang='lat' dir='ltr'>pater,</span> <span class='ocrx_word' id='word_1_217' title='bbox 1035 1173 1070 1198; x_wconf 86' lang='lat' dir='ltr'>et</span> <span class='ocrx_word' id='word_1_218' title='bbox 1088 1176 1149 1213; x_wconf 84' lang='lat' dir='ltr'>ego</span> <span class='ocrx_word' id='word_1_219' title='bbox 1164 1169 1261 1203; x_wconf 85' lang='lat' dir='ltr'>mitto</span> <span class='ocrx_word' id='word_1_220' title='bbox 1277 1180 1354 1205; x_wconf 81' lang='lat' dir='ltr'>vos:</span> <span class='ocrx_word' id='word_1_221' title='bbox 1371 1170 1402 1216; x_wconf 87' lang='lat' dir='ltr'><strong><em>fi</em></strong></span> <span class='ocrx_word' id='word_1_222' title='bbox 1418 1172 1518 1218; x_wconf 73' lang='lat' dir='ltr'><em>hujus</em></span> <span class='ocrx_word' id='word_1_223' title='bbox 1543 1178 1747 1220; x_wconf 74' lang='lat' dir='ltr'>remiseritis</span> <span class='ocrx_word' id='word_1_224' title='bbox 1760 1188 1916 1224; x_wconf 82' lang='lat' dir='ltr'>peccata.</span> 
     </span>
     <span class='ocr_line' id='line_1_20' title="bbox 295 1206 1916 1274; baseline 0.015 -35"><span class='ocrx_word' id='word_1_225' title='bbox 295 1215 355 1240; x_wconf 81' lang='lat' dir='ltr'>etc.</span> <span class='ocrx_word' id='word_1_226' title='bbox 411 1206 536 1242; x_wconf 84' lang='lat' dir='ltr'><strong><em>Tamen</em></strong></span> <span class='ocrx_word' id='word_1_227' title='bbox 553 1217 591 1242; x_wconf 85' lang='lat' dir='ltr'>ut</span> <span class='ocrx_word' id='word_1_228' title='bbox 607 1211 771 1259; x_wconf 51' lang='lat' dir='ltr'>unitatem</span> <span class='ocrx_word' id='word_1_229' title='bbox 788 1212 1044 1257; x_wconf 78' lang='lat' dir='ltr'>manifestaret.</span> <span class='ocrx_word' id='word_1_230' title='bbox 1070 1217 1219 1249; x_wconf 84' lang='lat' dir='ltr'>unitatis</span> <span class='ocrx_word' id='word_1_231' title='bbox 1242 1218 1384 1263; x_wconf 66' lang='lat' dir='ltr'>ejusdem</span> <span class='ocrx_word' id='word_1_232' title='bbox 1403 1224 1568 1269; x_wconf 79' lang='lat' dir='ltr'>originem</span> <span class='ocrx_word' id='word_1_233' title='bbox 1593 1223 1635 1258; x_wconf 81' lang='lat' dir='ltr'>ab</span> <span class='ocrx_word' id='word_1_234' title='bbox 1662 1237 1728 1261; x_wconf 86' lang='lat' dir='ltr'>uno</span> <span class='ocrx_word' id='word_1_235' title='bbox 1751 1229 1916 1274; x_wconf 82' lang='lat' dir='ltr'>incipien-</span> 
     </span>
     <span class='ocr_line' id='line_1_21' title="bbox 293 1257 1912 1317; baseline 0.014 -28"><span class='ocrx_word' id='word_1_236' title='bbox 293 1264 358 1289; x_wconf 80' lang='lat' dir='ltr'>tem</span> <span class='ocrx_word' id='word_1_237' title='bbox 375 1257 438 1298; x_wconf 83' lang='lat' dir='ltr'>sua</span> <span class='ocrx_word' id='word_1_238' title='bbox 466 1259 655 1291; x_wconf 73' lang='lat' dir='ltr'><em>autoritate</em></span> <span class='ocrx_word' id='word_1_239' title='bbox 673 1257 846 1303; x_wconf 79' lang='lat' dir='ltr'>dispoficit.</span> <span class='ocrx_word' id='word_1_240' title='bbox 901 1262 994 1294; x_wconf 84' lang='lat' dir='ltr'>Haec</span> <span class='ocrx_word' id='word_1_241' title='bbox 1011 1261 1110 1296; x_wconf 78' lang='lat' dir='ltr'>verba</span> <span class='ocrx_word' id='word_1_242' title='bbox 1129 1267 1378 1301; x_wconf 84' lang='lat' dir='ltr'>commentario</span> <span class='ocrx_word' id='word_1_243' title='bbox 1408 1280 1476 1302; x_wconf 89' lang='lat' dir='ltr'>non</span> <span class='ocrx_word' id='word_1_244' title='bbox 1504 1270 1689 1317; x_wconf 80' lang='lat' dir='ltr'>indigent3</span> <span class='ocrx_word' id='word_1_245' title='bbox 1724 1274 1784 1309; x_wconf 90' lang='lat' dir='ltr'>uni</span> <span class='ocrx_word' id='word_1_246' title='bbox 1810 1278 1912 1312; x_wconf 86' lang='lat' dir='ltr'>Petro</span> 
     </span>
     <span class='ocr_line' id='line_1_22' title="bbox 292 1300 1909 1362; baseline 0.015 -26"><span class='ocrx_word' id='word_1_247' title='bbox 292 1300 472 1347; x_wconf 76' lang='lat' dir='ltr'>promissas</span> <span class='ocrx_word' id='word_1_248' title='bbox 490 1301 553 1337; x_wconf 84' lang='lat' dir='ltr'>esse</span> <span class='ocrx_word' id='word_1_249' title='bbox 569 1304 674 1338; x_wconf 82' lang='lat' dir='ltr'>claves</span> <span class='ocrx_word' id='word_1_250' title='bbox 692 1306 756 1346; x_wconf 87' lang='lat' dir='ltr'>ait,</span> <span class='ocrx_word' id='word_1_251' title='bbox 785 1316 822 1340; x_wconf 92' lang='lat' dir='ltr'>ut</span> <span class='ocrx_word' id='word_1_252' title='bbox 839 1308 948 1341; x_wconf 84' lang='lat' dir='ltr'>unitas</span> <span class='ocrx_word' id='word_1_253' title='bbox 968 1311 1284 1353; x_wconf 85' lang='lat' dir='ltr'>commendaretur,</span> <span class='ocrx_word' id='word_1_254' title='bbox 1312 1314 1441 1349; x_wconf 63' lang='lat' dir='ltr'>cuustis</span> <span class='ocrx_word' id='word_1_255' title='bbox 1459 1329 1570 1353; x_wconf 77' lang='lat' dir='ltr'>antem</span> <span class='ocrx_word' id='word_1_256' title='bbox 1591 1333 1707 1356; x_wconf 84' lang='lat' dir='ltr'>revera</span> <span class='ocrx_word' id='word_1_257' title='bbox 1723 1322 1812 1358; x_wconf 81' lang='lat' dir='ltr'>datas</span> <span class='ocrx_word' id='word_1_258' title='bbox 1834 1324 1909 1362; x_wconf 74' lang='lat' dir='ltr'>esse.</span> 
     </span>
     <span class='ocr_line' id='line_1_23' title="bbox 291 1350 1910 1421; baseline 0.017 -38"><span class='ocrx_word' id='word_1_259' title='bbox 291 1351 420 1386; x_wconf 80' lang='lat' dir='ltr'>Eodem</span> <span class='ocrx_word' id='word_1_260' title='bbox 440 1350 537 1385; x_wconf 83' lang='lat' dir='ltr'>sensu</span> <span class='ocrx_word' id='word_1_261' title='bbox 556 1353 796 1400; x_wconf 81' lang='lat' dir='ltr'>Hieronymus</span> <span class='ocrx_word' id='word_1_262' title='bbox 814 1366 886 1400; x_wconf 82' lang='lat' dir='ltr'>cap.</span> <span class='ocrx_word' id='word_1_263' title='bbox 910 1368 964 1399; x_wconf 87' lang='lat'>14.</span> <span class='ocrx_word' id='word_1_264' title='bbox 983 1356 1049 1392; x_wconf 83' lang='lat' dir='ltr'>lib:</span> <span class='ocrx_word' id='word_1_265' title='bbox 1063 1369 1093 1392; x_wconf 84' lang='lat'>1.</span> <span class='ocrx_word' id='word_1_266' title='bbox 1114 1359 1273 1395; x_wconf 85' lang='lat' dir='ltr'>adversus</span> <span class='ocrx_word' id='word_1_267' title='bbox 1288 1363 1403 1409; x_wconf 85' lang='lat' dir='ltr'>Jovin.</span> <span class='ocrx_word' id='word_1_268' title='bbox 1455 1367 1505 1400; x_wconf 83' lang='lat' dir='ltr'>At</span> <span class='ocrx_word' id='word_1_269' title='bbox 1524 1367 1625 1410; x_wconf 78' lang='lat' dir='ltr'>dicis,</span> <span class='ocrx_word' id='word_1_270' title='bbox 1653 1370 1782 1419; x_wconf 85' lang='lat' dir='ltr'>inquit,</span> <span class='ocrx_word' id='word_1_271' title='bbox 1801 1374 1910 1421; x_wconf 77' lang='lat' dir='ltr'>super·</span> 
     </span>
     <span class='ocr_line' id='line_1_24' title="bbox 287 1401 1910 1466; baseline 0.017 -34"><span class='ocrx_word' id='word_1_272' title='bbox 287 1410 420 1446; x_wconf 73' lang='lat' dir='ltr'>petram</span> <span class='ocrx_word' id='word_1_273' title='bbox 443 1401 620 1446; x_wconf 76' lang='lat' dir='ltr'>fundatur</span> <span class='ocrx_word' id='word_1_274' title='bbox 636 1402 780 1449; x_wconf 76' lang='lat' dir='ltr'>ecclesia,</span> <span class='ocrx_word' id='word_1_275' title='bbox 806 1405 883 1439; x_wconf 84' lang='lat' dir='ltr'>licet</span> <span class='ocrx_word' id='word_1_276' title='bbox 899 1405 1045 1452; x_wconf 79' lang='lat' dir='ltr'>idipsum</span> <span class='ocrx_word' id='word_1_277' title='bbox 1074 1409 1142 1442; x_wconf 83' lang='lat' dir='ltr'>alio</span> <span class='ocrx_word' id='word_1_278' title='bbox 1162 1411 1198 1443; x_wconf 86' lang='lat' dir='ltr'>in</span> <span class='ocrx_word' id='word_1_279' title='bbox 1224 1411 1419 1459; x_wconf 75' lang='lat' dir='ltr'>locosuper</span> <span class='ocrx_word' id='word_1_280' title='bbox 1448 1427 1554 1451; x_wconf 85' lang='lat' dir='ltr'>omnes</span> <span class='ocrx_word' id='word_1_281' title='bbox 1584 1416 1739 1466; x_wconf 80' lang='lat' dir='ltr'>apostolos</span> <span class='ocrx_word' id='word_1_282' title='bbox 1764 1422 1851 1465; x_wconf 83' lang='lat' dir='ltr'>fiat,</span> <span class='ocrx_word' id='word_1_283' title='bbox 1875 1432 1910 1460; x_wconf 84' lang='lat' dir='ltr'>et</span> 
     </span>
     <span class='ocr_line' id='line_1_25' title="bbox 289 1451 1908 1518; baseline 0.017 -35"><span class='ocrx_word' id='word_1_284' title='bbox 289 1451 400 1485; x_wconf 67' lang='lat' dir='ltr'>cunHi</span> <span class='ocrx_word' id='word_1_285' title='bbox 415 1451 522 1484; x_wconf 76' lang='lat' dir='ltr'>claves</span> <span class='ocrx_word' id='word_1_286' title='bbox 540 1454 643 1499; x_wconf 82' lang='lat' dir='ltr'>regni</span> <span class='ocrx_word' id='word_1_287' title='bbox 666 1453 828 1486; x_wconf 84' lang='lat' dir='ltr'>caelorum</span> <span class='ocrx_word' id='word_1_288' title='bbox 846 1457 1032 1499; x_wconf 80' lang='lat' dir='ltr'>accipiant,</span> <span class='ocrx_word' id='word_1_289' title='bbox 1058 1464 1092 1490; x_wconf 85' lang='lat' dir='ltr'>et</span> <span class='ocrx_word' id='word_1_290' title='bbox 1110 1468 1150 1490; x_wconf 76' lang='lat' dir='ltr'>ex</span> <span class='ocrx_word' id='word_1_291' title='bbox 1166 1469 1267 1504; x_wconf 85' lang='lat' dir='ltr'>aequo</span> <span class='ocrx_word' id='word_1_292' title='bbox 1279 1461 1384 1505; x_wconf 78' lang='lat' dir='ltr'>super</span> <span class='ocrx_word' id='word_1_293' title='bbox 1402 1464 1477 1498; x_wconf 86' lang='lat' dir='ltr'>illos</span> <span class='ocrx_word' id='word_1_294' title='bbox 1501 1467 1676 1511; x_wconf 76' lang='lat' dir='ltr'>fortitudo</span> <span class='ocrx_word' id='word_1_295' title='bbox 1700 1472 1841 1518; x_wconf 74' lang='lat' dir='ltr'>ecclefiae</span> <span class='ocrx_word' id='word_1_296' title='bbox 1854 1474 1908 1518; x_wconf 80' lang='lat' dir='ltr'>fh-</span> 
     </span>
     <span class='ocr_line' id='line_1_26' title="bbox 288 1499 1908 1569; baseline 0.016 -37"><span class='ocrx_word' id='word_1_297' title='bbox 288 1499 435 1538; x_wconf 77' lang='lat' dir='ltr'>lidetut·²</span> <span class='ocrx_word' id='word_1_298' title='bbox 466 1508 576 1534; x_wconf 87' lang='lat' dir='ltr'>tamen</span> <span class='ocrx_word' id='word_1_299' title='bbox 589 1509 777 1546; x_wconf 82' lang='lat' dir='ltr'>propterea</span> <span class='ocrx_word' id='word_1_300' title='bbox 796 1504 890 1536; x_wconf 84' lang='lat' dir='ltr'>inter</span> <span class='ocrx_word' id='word_1_301' title='bbox 908 1502 1077 1538; x_wconf 82' lang='lat' dir='ltr'>duodecim</span> <span class='ocrx_word' id='word_1_302' title='bbox 1101 1516 1186 1539; x_wconf 83' lang='lat' dir='ltr'>unus</span> <span class='ocrx_word' id='word_1_303' title='bbox 1213 1507 1377 1554; x_wconf 83' lang='lat' dir='ltr'>eligitur,</span> <span class='ocrx_word' id='word_1_304' title='bbox 1414 1522 1452 1547; x_wconf 86' lang='lat' dir='ltr'>ut</span> <span class='ocrx_word' id='word_1_305' title='bbox 1479 1518 1588 1560; x_wconf 78' lang='lat' dir='ltr'>capite</span> <span class='ocrx_word' id='word_1_306' title='bbox 1608 1518 1782 1564; x_wconf 86' lang='lat' dir='ltr'>constituto</span> <span class='ocrx_word' id='word_1_307' title='bbox 1809 1523 1908 1569; x_wconf 71' lang='lat' dir='ltr'>filus-</span> 
     </span>
     <span class='ocr_line' id='line_1_27' title="bbox 287 1548 1903 1618; baseline 0.015 -36"><span class='ocrx_word' id='word_1_308' title='bbox 287 1550 386 1583; x_wconf 67' lang='lat' dir='ltr'>matis</span> <span class='ocrx_word' id='word_1_309' title='bbox 412 1549 556 1583; x_wconf 78' lang='lat' dir='ltr'>tollatur</span> <span class='ocrx_word' id='word_1_310' title='bbox 575 1548 700 1595; x_wconf 74' lang='lat' dir='ltr'>occasio.</span> <span class='ocrx_word' id='word_1_311' title='bbox 755 1550 892 1594; x_wconf 87' lang='lat' dir='ltr'>Quibus</span> <span class='ocrx_word' id='word_1_312' title='bbox 922 1549 1027 1585; x_wconf 80' lang='lat' dir='ltr'>simile</span> <span class='ocrx_word' id='word_1_313' title='bbox 1043 1550 1089 1586; x_wconf 87' lang='lat' dir='ltr'>est</span> <span class='ocrx_word' id='word_1_314' title='bbox 1105 1552 1191 1587; x_wconf 82' lang='lat' dir='ltr'>illud</span> <span class='ocrx_word' id='word_1_315' title='bbox 1209 1556 1325 1600; x_wconf 83' lang='lat' dir='ltr'>Optati</span> <span class='ocrx_word' id='word_1_316' title='bbox 1341 1556 1401 1593; x_wconf 89' lang='lat' dir='ltr'>lib.</span> <span class='ocrx_word' id='word_1_317' title='bbox 1425 1570 1458 1603; x_wconf 85' lang='lat'>7.</span> <span class='ocrx_word' id='word_1_318' title='bbox 1507 1562 1686 1602; x_wconf 56' lang='lat' dir='ltr'>Ere-laves</span> <span class='ocrx_word' id='word_1_319' title='bbox 1710 1573 1813 1618; x_wconf 83' lang='lat' dir='ltr'>regni</span> <span class='ocrx_word' id='word_1_320' title='bbox 1830 1583 1903 1607; x_wconf 82' lang='lat' dir='ltr'>cae-</span> 
     </span>
     <span class='ocr_line' id='line_1_28' title="bbox 286 1597 1917 1668; baseline 0.017 -40"><span class='ocrx_word' id='word_1_321' title='bbox 286 1598 389 1631; x_wconf 77' lang='lat' dir='ltr'>lorum</span> <span class='ocrx_word' id='word_1_322' title='bbox 406 1597 689 1634; x_wconf 76' lang='lat' dir='ltr'>communicandas</span> <span class='ocrx_word' id='word_1_323' title='bbox 713 1602 856 1634; x_wconf 79' lang='lat' dir='ltr'>caeteris</span> <span class='ocrx_word' id='word_1_324' title='bbox 884 1599 937 1643; x_wconf 87' lang='lat' dir='ltr'>(id</span> <span class='ocrx_word' id='word_1_325' title='bbox 958 1598 1021 1638; x_wconf 84' lang='lat' dir='ltr'>est,</span> <span class='ocrx_word' id='word_1_326' title='bbox 1049 1613 1131 1646; x_wconf 83' lang='lat' dir='ltr'>quas</span> <span class='ocrx_word' id='word_1_327' title='bbox 1148 1602 1302 1640; x_wconf 86' lang='lat' dir='ltr'>Christus</span> <span class='ocrx_word' id='word_1_328' title='bbox 1319 1608 1619 1647; x_wconf 84' lang='lat' dir='ltr'>commendaturus</span> <span class='ocrx_word' id='word_1_329' title='bbox 1642 1626 1713 1651; x_wconf 88' lang='lat' dir='ltr'>erat</span> <span class='ocrx_word' id='word_1_330' title='bbox 1739 1621 1917 1668; x_wconf 60' lang='lat' dir='ltr'>caete-:isy-</span> 
     </span>
     <span class='ocr_line' id='line_1_29' title="bbox 278 1647 1903 1716; baseline 0.016 -37"><span class='ocrx_word' id='word_1_331' title='bbox 278 1647 367 1690; x_wconf 78' lang='lat' dir='ltr'>Jolus</span> <span class='ocrx_word' id='word_1_332' title='bbox 386 1649 520 1692; x_wconf 83' lang='lat' dir='ltr'>accepit.</span> <span class='ocrx_word' id='word_1_333' title='bbox 573 1648 629 1682; x_wconf 85' lang='lat' dir='ltr'>An</span> <span class='ocrx_word' id='word_1_334' title='bbox 646 1659 727 1682; x_wconf 81' lang='lat' dir='ltr'>vero</span> <span class='ocrx_word' id='word_1_335' title='bbox 737 1650 807 1693; x_wconf 86' lang='lat' dir='ltr'>soli</span> <span class='ocrx_word' id='word_1_336' title='bbox 824 1651 922 1684; x_wconf 85' lang='lat' dir='ltr'>Petro</span> <span class='ocrx_word' id='word_1_337' title='bbox 941 1649 1069 1685; x_wconf 78' lang='lat' dir='ltr'>dantur</span> <span class='ocrx_word' id='word_1_338' title='bbox 1084 1652 1189 1687; x_wconf 82' lang='lat' dir='ltr'>claves</span> <span class='ocrx_word' id='word_1_339' title='bbox 1204 1656 1307 1702; x_wconf 82' lang='lat' dir='ltr'>regni</span> <span class='ocrx_word' id='word_1_340' title='bbox 1323 1657 1502 1700; x_wconf 86' lang='lat' dir='ltr'>caelorum,</span> <span class='ocrx_word' id='word_1_341' title='bbox 1536 1672 1595 1697; x_wconf 84' lang='lat' dir='ltr'>nec</span> <span class='ocrx_word' id='word_1_342' title='bbox 1621 1665 1710 1700; x_wconf 80' lang='lat' dir='ltr'>alius</span> <span class='ocrx_word' id='word_1_343' title='bbox 1732 1669 1903 1716; x_wconf 78' lang='lat' dir='ltr'>quisquam</span> 
     </span>
     <span class='ocr_line' id='line_1_30' title="bbox 284 1697 1901 1758; baseline 0.012 -29"><span class='ocrx_word' id='word_1_344' title='bbox 284 1707 338 1731; x_wconf 78' lang='lat' dir='ltr'>eas</span> <span class='ocrx_word' id='word_1_345' title='bbox 361 1707 557 1742; x_wconf 81' lang='lat' dir='ltr'>accepturus</span> <span class='ocrx_word' id='word_1_346' title='bbox 574 1701 590 1730; x_wconf 89' lang='lat'><em>?</em></span> <span class='ocrx_word' id='word_1_347' title='bbox 628 1697 715 1745; x_wconf 81' lang='lat' dir='ltr'>quod</span> <span class='ocrx_word' id='word_1_348' title='bbox 732 1697 762 1744; x_wconf 88' lang='lat' dir='ltr'><strong><em>fi</em></strong></span> <span class='ocrx_word' id='word_1_349' title='bbox 784 1697 914 1734; x_wconf 66' lang='lat' dir='ltr'>dmum</span> <span class='ocrx_word' id='word_1_350' title='bbox 939 1699 1007 1734; x_wconf 78' lang='lat' dir='ltr'>tibi</span> <span class='ocrx_word' id='word_1_351' title='bbox 1029 1701 1136 1735; x_wconf 84' lang='lat' dir='ltr'>claves</span> <span class='ocrx_word' id='word_1_352' title='bbox 1165 1705 1270 1750; x_wconf 84' lang='lat' dir='ltr'>regni</span> <span class='ocrx_word' id='word_1_353' title='bbox 1295 1706 1457 1742; x_wconf 82' lang='lat' dir='ltr'>caelorum</span> <span class='ocrx_word' id='word_1_354' title='bbox 1482 1721 1646 1747; x_wconf 80' lang='lat' dir='ltr'>commune</span> <span class='ocrx_word' id='word_1_355' title='bbox 1670 1713 1730 1758; x_wconf 88' lang='lat' dir='ltr'>est,</span> <span class='ocrx_word' id='word_1_356' title='bbox 1757 1729 1818 1752; x_wconf 85' lang='lat' dir='ltr'>cur·</span> <span class='ocrx_word' id='word_1_357' title='bbox 1834 1730 1901 1754; x_wconf 79' lang='lat' dir='ltr'>non</span> 
     </span>
     <span class='ocr_line' id='line_1_31' title="bbox 272 1745 1899 1809; baseline 0.015 -31"><span class='ocrx_word' id='word_1_358' title='bbox 272 1745 371 1790; x_wconf 83' lang='lat' dir='ltr'>fimul</span> <span class='ocrx_word' id='word_1_359' title='bbox 392 1748 518 1786; x_wconf 81' lang='lat' dir='ltr'>onmia,</span> <span class='ocrx_word' id='word_1_360' title='bbox 547 1754 579 1780; x_wconf 90' lang='lat' dir='ltr'>et</span> <span class='ocrx_word' id='word_1_361' title='bbox 597 1758 679 1794; x_wconf 81' lang='lat' dir='ltr'>quae</span> <span class='ocrx_word' id='word_1_362' title='bbox 699 1746 791 1782; x_wconf 67' lang='lat' dir='ltr'>dift&#39;a</span> <span class='ocrx_word' id='word_1_363' title='bbox 810 1751 904 1790; x_wconf 81' lang='lat' dir='ltr'>sunt,</span> <span class='ocrx_word' id='word_1_364' title='bbox 932 1757 965 1783; x_wconf 85' lang='lat' dir='ltr'>et</span> <span class='ocrx_word' id='word_1_365' title='bbox 980 1761 1064 1796; x_wconf 86' lang='lat' dir='ltr'>quae</span> <span class='ocrx_word' id='word_1_366' title='bbox 1076 1751 1281 1797; x_wconf 78' lang='lat' dir='ltr'>sequuntur,</span> <span class='ocrx_word' id='word_1_367' title='bbox 1308 1756 1402 1790; x_wconf 80' lang='lat' dir='ltr'>velut</span> <span class='ocrx_word' id='word_1_368' title='bbox 1418 1757 1464 1792; x_wconf 82' lang='lat' dir='ltr'>ad</span> <span class='ocrx_word' id='word_1_369' title='bbox 1480 1759 1617 1795; x_wconf 84' lang='lat' dir='ltr'>Petrum</span> <span class='ocrx_word' id='word_1_370' title='bbox 1632 1761 1724 1798; x_wconf 67' lang='lat' dir='ltr'>diHa</span> <span class='ocrx_word' id='word_1_371' title='bbox 1732 1765 1818 1809; x_wconf 88' lang='lat' dir='ltr'>sunt</span> <span class='ocrx_word' id='word_1_372' title='bbox 1831 1779 1899 1802; x_wconf 85' lang='lat' dir='ltr'>om-</span> 
     </span>
     <span class='ocr_line' id='line_1_32' title="bbox 282 1795 1897 1850; baseline 0.013 -23"><span class='ocrx_word' id='word_1_373' title='bbox 282 1795 372 1828; x_wconf 82' lang='lat' dir='ltr'>m&#39;um</span> <span class='ocrx_word' id='word_1_374' title='bbox 401 1797 579 1829; x_wconf 84' lang='lat' dir='ltr'>communia</span> <span class='ocrx_word' id='word_1_375' title='bbox 599 1800 615 1830; x_wconf 67' lang='grc' dir='ltr'><strong><em>ἓ</em></strong></span> <span class='ocrx_word' id='word_1_376' title='bbox 667 1796 878 1832; x_wconf 86' lang='lat' dir='ltr'>Gaudentius</span> <span class='ocrx_word' id='word_1_377' title='bbox 907 1797 1085 1834; x_wconf 80' lang='lat' dir='ltr'>Brixienfis</span> <span class='ocrx_word' id='word_1_378' title='bbox 1112 1797 1205 1836; x_wconf 63' lang='lat' dir='ltr'>trust.</span> <span class='ocrx_word' id='word_1_379' title='bbox 1231 1801 1266 1836; x_wconf 88' lang='lat' dir='ltr'>in</span> <span class='ocrx_word' id='word_1_380' title='bbox 1295 1801 1351 1838; x_wconf 83' lang='lat' dir='ltr'>die</span> <span class='ocrx_word' id='word_1_381' title='bbox 1375 1805 1602 1844; x_wconf 84' lang='lat' dir='ltr'>ordinationis</span> <span class='ocrx_word' id='word_1_382' title='bbox 1627 1809 1721 1846; x_wconf 89' lang='lat' dir='ltr'>suae:</span> <span class='ocrx_word' id='word_1_383' title='bbox 1775 1813 1897 1850; x_wconf 75' lang='lat' dir='ltr'>Omnes</span> 
     </span>
     <span class='ocr_line' id='line_1_33' title="bbox 281 1842 1898 1911; baseline 0.013 -36"><span class='ocrx_word' id='word_1_384' title='bbox 281 1842 417 1888; x_wconf 80' lang='lat' dir='ltr'>apostoli</span> <span class='ocrx_word' id='word_1_385' title='bbox 435 1844 560 1890; x_wconf 77' lang='lat' dir='ltr'>Christo</span> <span class='ocrx_word' id='word_1_386' title='bbox 569 1845 737 1894; x_wconf 83' lang='lat' dir='ltr'>surgente</span> <span class='ocrx_word' id='word_1_387' title='bbox 754 1848 791 1882; x_wconf 89' lang='lat' dir='ltr'>in</span> <span class='ocrx_word' id='word_1_388' title='bbox 810 1848 910 1882; x_wconf 83' lang='lat' dir='ltr'>Petro</span> <span class='ocrx_word' id='word_1_389' title='bbox 924 1851 1094 1895; x_wconf 82' lang='lat' dir='ltr'>accipiunt</span> <span class='ocrx_word' id='word_1_390' title='bbox 1108 1874 1117 1890; x_wconf 88' lang='lat'>,</span> <span class='ocrx_word' id='word_1_391' title='bbox 1144 1851 1227 1897; x_wconf 84' lang='lat' dir='ltr'>quin</span> <span class='ocrx_word' id='word_1_392' title='bbox 1250 1853 1314 1886; x_wconf 84' lang='lat' dir='ltr'>imo</span> <span class='ocrx_word' id='word_1_393' title='bbox 1331 1866 1400 1889; x_wconf 85' lang='lat' dir='ltr'>cum</span> <span class='ocrx_word' id='word_1_394' title='bbox 1416 1856 1516 1892; x_wconf 83' lang='lat' dir='ltr'>Petro</span> <span class='ocrx_word' id='word_1_395' title='bbox 1534 1859 1677 1905; x_wconf 72' lang='lat' dir='ltr'>caelestis</span> <span class='ocrx_word' id='word_1_396' title='bbox 1706 1866 1810 1911; x_wconf 84' lang='lat' dir='ltr'>regni</span> <span class='ocrx_word' id='word_1_397' title='bbox 1827 1865 1898 1899; x_wconf 84' lang='lat' dir='ltr'>cla.</span> 
     </span>
     <span class='ocr_line' id='line_1_34' title="bbox 280 1891 1895 1952; baseline 0.015 -27"><span class='ocrx_word' id='word_1_398' title='bbox 280 1902 336 1925; x_wconf 79' lang='lat' dir='ltr'>ves</span> <span class='ocrx_word' id='word_1_399' title='bbox 355 1891 394 1926; x_wconf 81' lang='lat' dir='ltr'>ab</span> <span class='ocrx_word' id='word_1_400' title='bbox 415 1894 484 1938; x_wconf 79' lang='lat' dir='ltr'>ipso</span> <span class='ocrx_word' id='word_1_401' title='bbox 501 1893 644 1929; x_wconf 87' lang='lat' dir='ltr'>Domino</span> <span class='ocrx_word' id='word_1_402' title='bbox 660 1898 840 1942; x_wconf 82' lang='lat' dir='ltr'>accipiunt.</span> <span class='ocrx_word' id='word_1_403' title='bbox 892 1896 1050 1933; x_wconf 79' lang='lat' dir='ltr'>Ambros.</span> <span class='ocrx_word' id='word_1_404' title='bbox 1078 1899 1112 1932; x_wconf 91' lang='lat' dir='ltr'>in</span> <span class='ocrx_word' id='word_1_405' title='bbox 1139 1897 1190 1935; x_wconf 89' lang='lat' dir='ltr'>Ps.</span> <span class='ocrx_word' id='word_1_406' title='bbox 1214 1905 1268 1944; x_wconf 84' lang='lat'>38.</span> <span class='ocrx_word' id='word_1_407' title='bbox 1313 1904 1416 1946; x_wconf 90' lang='lat' dir='ltr'>Quod</span> <span class='ocrx_word' id='word_1_408' title='bbox 1446 1907 1547 1942; x_wconf 84' lang='lat' dir='ltr'>Petro</span> <span class='ocrx_word' id='word_1_409' title='bbox 1573 1907 1718 1952; x_wconf 86' lang='lat' dir='ltr'>dicitur,</span> <span class='ocrx_word' id='word_1_410' title='bbox 1755 1915 1895 1950; x_wconf 78' lang='lat' dir='ltr'>caeteris</span> 
     </span>
     <span class='ocr_line' id='line_1_35' title="bbox 280 1938 1891 2002; baseline 0.016 -29"><span class='ocrx_word' id='word_1_411' title='bbox 280 1938 440 1986; x_wconf 81' lang='lat' dir='ltr'>apostolis</span> <span class='ocrx_word' id='word_1_412' title='bbox 460 1941 601 1977; x_wconf 84' lang='lat' dir='ltr'>dicitur:</span> <span class='ocrx_word' id='word_1_413' title='bbox 629 1943 698 1984; x_wconf 77' lang='lat' dir='ltr'>tibi</span> <span class='ocrx_word' id='word_1_414' title='bbox 713 1945 795 1980; x_wconf 82' lang='lat' dir='ltr'>daho</span> <span class='ocrx_word' id='word_1_415' title='bbox 820 1947 938 1982; x_wconf 74' lang='lat' dir='ltr'>elaver.</span> <span class='ocrx_word' id='word_1_416' title='bbox 991 1945 1085 1982; x_wconf 84' lang='lat' dir='ltr'>Idem</span> <span class='ocrx_word' id='word_1_417' title='bbox 1114 1948 1235 1983; x_wconf 88' lang='lat' dir='ltr'>centies</span> <span class='ocrx_word' id='word_1_418' title='bbox 1267 1950 1413 1988; x_wconf 84' lang='lat' dir='ltr'>inculcat</span> <span class='ocrx_word' id='word_1_419' title='bbox 1437 1955 1647 2002; x_wconf 73' lang='lat' dir='ltr'>Augustinus</span> <span class='ocrx_word' id='word_1_420' title='bbox 1692 1960 1728 1995; x_wconf 89' lang='lat' dir='ltr'>in</span> <span class='ocrx_word' id='word_1_421' title='bbox 1760 1960 1820 1998; x_wconf 87' lang='lat' dir='ltr'>lib.</span> <span class='ocrx_word' id='word_1_422' title='bbox 1847 1963 1891 1998; x_wconf 88' lang='lat' dir='ltr'>de</span> 
     </span>
     <span class='ocr_line' id='line_1_36' title="bbox 277 1989 1943 2052; baseline 0.017 -31"><span class='ocrx_word' id='word_1_423' title='bbox 277 1992 399 2034; x_wconf 86' lang='lat' dir='ltr'>Agone</span> <span class='ocrx_word' id='word_1_424' title='bbox 418 1989 610 2026; x_wconf 82' lang='lat' dir='ltr'>Christiano</span> <span class='ocrx_word' id='word_1_425' title='bbox 628 2004 654 2026; x_wconf 90' lang='lat' dir='ltr'>c.</span> <span class='ocrx_word' id='word_1_426' title='bbox 677 2005 731 2037; x_wconf 81' lang='lat'>30.</span> <span class='ocrx_word' id='word_1_427' title='bbox 759 1994 903 2041; x_wconf 84' lang='lat' dir='ltr'>ecclestae</span> <span class='ocrx_word' id='word_1_428' title='bbox 923 1997 1029 2031; x_wconf 83' lang='lat' dir='ltr'>claves</span> <span class='ocrx_word' id='word_1_429' title='bbox 1046 2001 1149 2045; x_wconf 85' lang='lat' dir='ltr'>regni</span> <span class='ocrx_word' id='word_1_430' title='bbox 1172 2000 1335 2035; x_wconf 84' lang='lat' dir='ltr'>caelorum</span> <span class='ocrx_word' id='word_1_431' title='bbox 1356 2002 1458 2040; x_wconf 79' lang='lat' dir='ltr'>datae</span> <span class='ocrx_word' id='word_1_432' title='bbox 1468 2007 1568 2052; x_wconf 53' lang='lat' dir='ltr'>fingat,</span> <span class='ocrx_word' id='word_1_433' title='bbox 1603 2010 1767 2046; x_wconf 82' lang='lat' dir='ltr'>concione</span> <span class='ocrx_word' id='word_1_434' title='bbox 1797 2023 1828 2048; x_wconf 90' lang='lat'>2.</span> <span class='ocrx_word' id='word_1_435' title='bbox 1853 2013 1890 2048; x_wconf 84' lang='lat' dir='ltr'>in</span> <span class='ocrx_word' id='word_1_436' title='bbox 1940 2038 1943 2041; x_wconf 93' lang='lat'>-</span> 
     </span>
     <span class='ocr_line' id='line_1_37' title="bbox 277 2036 1901 2109; baseline 0.016 -38"><span class='ocrx_word' id='word_1_437' title='bbox 277 2036 329 2074; x_wconf 84' lang='lat' dir='ltr'>Ps.</span> <span class='ocrx_word' id='word_1_438' title='bbox 352 2050 406 2083; x_wconf 84' lang='lat'>30.</span> <span class='ocrx_word' id='word_1_439' title='bbox 433 2041 523 2084; x_wconf 72' lang='lat' dir='ltr'><em>cujus</em></span> <span class='ocrx_word' id='word_1_440' title='bbox 547 2041 690 2088; x_wconf 78' lang='lat' dir='ltr'>ecclesiae</span> <span class='ocrx_word' id='word_1_441' title='bbox 721 2044 894 2088; x_wconf 79' lang='lat' dir='ltr'>personam</span> <span class='ocrx_word' id='word_1_442' title='bbox 919 2045 1062 2093; x_wconf 83' lang='lat' dir='ltr'>gerebat</span> <span class='ocrx_word' id='word_1_443' title='bbox 1096 2047 1225 2083; x_wconf 82' lang='lat' dir='ltr'>Petrus.</span> <span class='ocrx_word' id='word_1_444' title='bbox 1259 2050 1411 2087; x_wconf 80' lang='lat' dir='ltr'>Euat-rat.</span> <span class='ocrx_word' id='word_1_445' title='bbox 1442 2054 1477 2088; x_wconf 89' lang='lat' dir='ltr'>in</span> <span class='ocrx_word' id='word_1_446' title='bbox 1499 2055 1548 2090; x_wconf 91' lang='lat' dir='ltr'>Ps.</span> <span class='ocrx_word' id='word_1_447' title='bbox 1571 2064 1650 2098; x_wconf 86' lang='lat'><em>108.</em></span> <span class='ocrx_word' id='word_1_448' title='bbox 1678 2059 1901 2109; x_wconf 56' lang='lat' dir='ltr'>Agnoscitur&#39;</span> 
     </span>
     <span class='ocr_line' id='line_1_38' title="bbox 276 2087 1891 2154; baseline 0.017 -34"><span class='ocrx_word' id='word_1_449' title='bbox 276 2087 397 2123; x_wconf 85' lang='lat' dir='ltr'>Petrus</span> <span class='ocrx_word' id='word_1_450' title='bbox 416 2090 453 2122; x_wconf 85' lang='lat' dir='ltr'>in</span> <span class='ocrx_word' id='word_1_451' title='bbox 464 2087 583 2137; x_wconf 84' lang='lat' dir='ltr'>figura</span> <span class='ocrx_word' id='word_1_452' title='bbox 598 2090 741 2138; x_wconf 70' lang='lat' dir='ltr'>geliaſj&#39;e</span> <span class='ocrx_word' id='word_1_453' title='bbox 755 2095 926 2139; x_wconf 81' lang='lat' dir='ltr'>personam</span> <span class='ocrx_word' id='word_1_454' title='bbox 943 2097 1087 2143; x_wconf 81' lang='lat' dir='ltr'>ecclesiae</span> <span class='ocrx_word' id='word_1_455' title='bbox 1103 2095 1141 2132; x_wconf 89' lang='lat' dir='ltr'>ob</span> <span class='ocrx_word' id='word_1_456' title='bbox 1153 2099 1358 2144; x_wconf 83' lang='lat' dir='ltr'>primatum,</span> <span class='ocrx_word' id='word_1_457' title='bbox 1381 2114 1473 2149; x_wconf 86' lang='lat' dir='ltr'>quem</span> <span class='ocrx_word' id='word_1_458' title='bbox 1491 2107 1527 2140; x_wconf 90' lang='lat' dir='ltr'>in</span> <span class='ocrx_word' id='word_1_459' title='bbox 1543 2106 1717 2154; x_wconf 68' lang='lat' dir='ltr'>discipulis</span> <span class='ocrx_word' id='word_1_460' title='bbox 1750 2108 1891 2152; x_wconf 82' lang='lat' dir='ltr'>habuit,</span> 
     </span>
     <span class='ocr_line' id='line_1_39' title="bbox 275 2134 1890 2205; baseline 0.016 -36"><span class='ocrx_word' id='word_1_461' title='bbox 275 2134 371 2173; x_wconf 68' lang='lat' dir='ltr'>trast.</span> <span class='ocrx_word' id='word_1_462' title='bbox 395 2149 448 2181; x_wconf 89' lang='lat'>50.</span> <span class='ocrx_word' id='word_1_463' title='bbox 467 2137 501 2171; x_wconf 86' lang='lat' dir='ltr'>in</span> <span class='ocrx_word' id='word_1_464' title='bbox 519 2139 696 2185; x_wconf 87' lang='lat' dir='ltr'>Joannem.</span> <span class='ocrx_word' id='word_1_465' title='bbox 757 2143 877 2178; x_wconf 85' lang='lat' dir='ltr'>Petrus</span> <span class='ocrx_word' id='word_1_466' title='bbox 898 2145 1028 2192; x_wconf 79' lang='lat' dir='ltr'>quando</span> <span class='ocrx_word' id='word_1_467' title='bbox 1052 2147 1157 2182; x_wconf 52' lang='lat' dir='ltr'>claves*</span> <span class='ocrx_word' id='word_1_468' title='bbox 1182 2151 1306 2195; x_wconf 78' lang='lat' dir='ltr'>accepit</span> <span class='ocrx_word' id='word_1_469' title='bbox 1333 2152 1487 2198; x_wconf 77' lang='lat' dir='ltr'>ecclcfiam</span> <span class='ocrx_word' id='word_1_470' title='bbox 1507 2155 1658 2200; x_wconf 68' lang='lat' dir='ltr'>sanHam</span> <span class='ocrx_word' id='word_1_471' title='bbox 1671 2156 1890 2205; x_wconf 65' lang='lat' dir='ltr'>significavit</span> 
     </span>
     <span class='ocr_line' id='line_1_40' title="bbox 275 2185 1887 2251; baseline 0.016 -32"><span class='ocrx_word' id='word_1_472' title='bbox 275 2196 307 2220; x_wconf 89' lang='lat' dir='ltr'>et</span> <span class='ocrx_word' id='word_1_473' title='bbox 323 2185 422 2223; x_wconf 61' lang='grc' dir='ltr'><strong>τωδὶ.</strong></span> <span class='ocrx_word' id='word_1_474' title='bbox 445 2193 523 2227; x_wconf 84' lang='lat'>¹08-</span> <span class='ocrx_word' id='word_1_475' title='bbox 554 2188 650 2225; x_wconf 86' lang='lat' dir='ltr'>Unus</span> <span class='ocrx_word' id='word_1_476' title='bbox 667 2202 730 2237; x_wconf 80' lang='lat' dir='ltr'>pro</span> <span class='ocrx_word' id='word_1_477' title='bbox 752 2192 899 2228; x_wconf 83' lang='lat' dir='ltr'>omnibus</span> <span class='ocrx_word' id='word_1_478' title='bbox 919 2193 1013 2230; x_wconf 84' lang='lat' dir='ltr'>dixit</span> <span class='ocrx_word' id='word_1_479' title='bbox 1040 2195 1099 2240; x_wconf 81' lang='lat' dir='ltr'>(tu</span> <span class='ocrx_word' id='word_1_480' title='bbox 1115 2194 1253 2240; x_wconf 68' lang='lat' dir='ltr'>exsilius</span> <span class='ocrx_word' id='word_1_481' title='bbox 1274 2197 1346 2234; x_wconf 81' lang='lat' dir='ltr'>Dei</span> <span class='ocrx_word' id='word_1_482' title='bbox 1372 2203 1451 2236; x_wconf 85' lang='lat' dir='ltr'>vivi</span> <span class='ocrx_word' id='word_1_483' title='bbox 1475 2211 1510 2238; x_wconf 86' lang='lat' dir='ltr'>et</span> <span class='ocrx_word' id='word_1_484' title='bbox 1530 2214 1674 2251; x_wconf 76' lang='lat' dir='ltr'>propter</span> <span class='ocrx_word' id='word_1_485' title='bbox 1697 2207 1753 2242; x_wconf 81' lang='lat' dir='ltr'>hoc</span> <span class='ocrx_word' id='word_1_486' title='bbox 1776 2209 1887 2244; x_wconf 63' lang='lat' dir='ltr'>claves·</span> 
     </span>
     <span class='ocr_line' id='line_1_41' title="bbox 273 2236 1883 2304; baseline 0.016 -35"><span class='ocrx_word' id='word_1_487' title='bbox 273 2246 343 2270; x_wconf 86' lang='lat' dir='ltr'>cum</span> <span class='ocrx_word' id='word_1_488' title='bbox 362 2236 507 2274; x_wconf 74' lang='lat' dir='ltr'>omnibus</span> <span class='ocrx_word' id='word_1_489' title='bbox 525 2245 684 2287; x_wconf 83' lang='lat' dir='ltr'>tanquam</span> <span class='ocrx_word' id='word_1_490' title='bbox 695 2243 869 2288; x_wconf 77' lang='lat' dir='ltr'>personam</span> <span class='ocrx_word' id='word_1_491' title='bbox 882 2254 1008 2293; x_wconf 82' lang='lat' dir='ltr'>gerens</span> <span class='ocrx_word' id='word_1_492' title='bbox 1026 2245 1167 2296; x_wconf 69' lang='lat' dir='ltr'>ecclcfiae</span> <span class='ocrx_word' id='word_1_493' title='bbox 1184 2250 1327 2296; x_wconf 75' lang='lat' dir='ltr'>accepit:</span> <span class='ocrx_word' id='word_1_494' title='bbox 1354 2249 1427 2288; x_wconf 85' lang='lat' dir='ltr'>ideo</span> <span class='ocrx_word' id='word_1_495' title='bbox 1445 2263 1530 2289; x_wconf 85' lang='lat' dir='ltr'>unus</span> <span class='ocrx_word' id='word_1_496' title='bbox 1538 2264 1615 2303; x_wconf 38' lang='lat' dir='ltr'>pro,</span> <span class='ocrx_word' id='word_1_497' title='bbox 1626 2254 1785 2294; x_wconf 82' lang='lat' dir='ltr'>omnibus,</span> <span class='ocrx_word' id='word_1_498' title='bbox 1802 2259 1883 2304; x_wconf 75' lang='lat' dir='ltr'>quia</span> 
     </span>
    </p>

    <p class='ocr_par' dir='ltr' id='par_1_4' title="bbox 1755 2317 1832 2347">
     <span class='ocr_line' id='line_1_42' title="bbox 1755 2317 1832 2347; baseline -0.013 -5"><span class='ocrx_word' id='word_1_499' title='bbox 1755 2317 1832 2347; x_wconf 60' lang='lat'>“8⁸3</span> 
     </span>
    </p>
   </div>
  </div>
 </body>
</html>
