<?xml version="1.0" encoding="UTF-8"?>
<!DOCTYPE html PUBLIC "-//W3C//DTD XHTML 1.0 Transitional//EN"
    "http://www.w3.org/TR/xhtml1/DTD/xhtml1-transitional.dtd">
<html xmlns="http://www.w3.org/1999/xhtml" xml:lang="en" lang="en">
 <head>
  <title>
</title>
<meta http-equiv="Content-Type" content="text/html;charset=utf-8" />
  <meta name='ocr-system' content='tesseract 3.04.00' />
  <meta name='ocr-capabilities' content='ocr_page ocr_carea ocr_par ocr_line ocrx_word'/>
</head>
<body>
  <div class='ocr_page' id='page_1' title='image "./deantiquaecclesi00dupiuoft_0493.png"; bbox 0 0 2001 2733; ppageno 0'>
   <div class='ocr_carea' id='block_1_1' title="bbox 286 188 1709 321">
    <p class='ocr_par' dir='ltr' id='par_1_1' title="bbox 286 188 1709 321">
     <span class='ocr_line' id='line_1_1' title="bbox 286 188 1709 241; baseline 0.004 -14"><span class='ocrx_word' id='word_1_1' title='bbox 286 188 786 229; x_wconf 75' lang='lat' dir='ltr'>DISSERTATIONES</span> <span class='ocrx_word' id='word_1_2' title='bbox 823 188 1168 228; x_wconf 72' lang='lat' dir='ltr'>HISTORICAE.</span> <span class='ocrx_word' id='word_1_3' title='bbox 1195 190 1398 229; x_wconf 60' lang='lat' dir='ltr'><strong><em>stsnsr.</em></strong></span> <span class='ocrx_word' id='word_1_4' title='bbox 1426 193 1507 230; x_wconf 75' lang='lat' dir='ltr'><strong><em>vn.</em></strong></span> <span class='ocrx_word' id='word_1_5' title='bbox 1608 200 1678 241; x_wconf 72' lang='lat'><strong><em>465</em></strong></span> <span class='ocrx_word' id='word_1_6' title='bbox 1706 208 1709 211; x_wconf 70' lang='grc'>’</span> 
     </span>
     <span class='ocr_line' id='line_1_2' title="bbox 813 278 1026 321; baseline 0.009 -7"><span class='ocrx_word' id='word_1_7' title='bbox 813 278 842 321; x_wconf 71' lang='lat'><strong><em>5.</em></strong></span> <span class='ocrx_word' id='word_1_8' title='bbox 894 281 928 316; x_wconf 87' lang='lat' dir='ltr'>V</span> <span class='ocrx_word' id='word_1_9' title='bbox 953 281 970 316; x_wconf 92' lang='lat'>1</span> <span class='ocrx_word' id='word_1_10' title='bbox 997 281 1026 316; x_wconf 88' lang='lat'><strong><em>1.</em></strong></span> 
     </span>
    </p>
   </div>
   <div class='ocr_carea' id='block_1_2' title="bbox 247 375 1603 439">
    <p class='ocr_par' dir='ltr' id='par_1_2' title="bbox 247 375 1603 439">
     <span class='ocr_line' id='line_1_3' title="bbox 247 375 1603 439; baseline 0.003 -15"><span class='ocrx_word' id='word_1_11' title='bbox 247 385 305 424; x_wconf 83' lang='lat' dir='ltr'><strong><em>De</em></strong></span> <span class='ocrx_word' id='word_1_12' title='bbox 331 385 462 424; x_wconf 76' lang='lat' dir='ltr'><strong><em>decreto</em></strong></span> <span class='ocrx_word' id='word_1_13' title='bbox 480 383 605 435; x_wconf 76' lang='lat' dir='ltr'><strong><em>sacrae</em></strong></span> <span class='ocrx_word' id='word_1_14' title='bbox 623 375 812 435; x_wconf 78' lang='lat' dir='ltr'><strong><em>facultatis</em></strong></span> <span class='ocrx_word' id='word_1_15' title='bbox 836 385 1032 439; x_wconf 74' lang='lat' dir='ltr'><strong><em>Parifienfis</em></strong></span> <span class='ocrx_word' id='word_1_16' title='bbox 1057 384 1224 436; x_wconf 77' lang='lat' dir='ltr'><strong><em>adversus</em></strong></span> <span class='ocrx_word' id='word_1_17' title='bbox 1250 386 1433 426; x_wconf 78' lang='lat' dir='ltr'><strong><em>Hmricum</em></strong></span> <span class='ocrx_word' id='word_1_18' title='bbox 1457 389 1603 428; x_wconf 75' lang='lat' dir='ltr'><strong><em>tertium.</em></strong></span> 
     </span>
    </p>
   </div>
   <div class='ocr_carea' id='block_1_3' title="bbox 95 498 1734 2306">
    <p class='ocr_par' dir='ltr' id='par_1_3' title="bbox 95 498 1734 1426">
     <span class='ocr_line' id='line_1_4' title="bbox 202 498 1728 546; baseline 0.002 -9"><span class='ocrx_word' id='word_1_19' title='bbox 202 503 334 538; x_wconf 83' lang='lat' dir='ltr'><strong><em>huanus</em></strong></span> <span class='ocrx_word' id='word_1_20' title='bbox 361 502 407 536; x_wconf 82' lang='lat' dir='ltr'><strong><em>ita</em></strong></span> <span class='ocrx_word' id='word_1_21' title='bbox 432 509 547 535; x_wconf 82' lang='lat' dir='ltr'><strong><em>narrat</em></strong></span> <span class='ocrx_word' id='word_1_22' title='bbox 569 499 629 534; x_wconf 88' lang='lat' dir='ltr'><strong><em>lib.</em></strong></span> <span class='ocrx_word' id='word_1_23' title='bbox 653 510 710 544; x_wconf 87' lang='lat'><strong><em>94.</em></strong></span> <span class='ocrx_word' id='word_1_24' title='bbox 730 498 773 535; x_wconf 71' lang='lat' dir='ltr'><strong><em>ad</em></strong></span> <span class='ocrx_word' id='word_1_25' title='bbox 790 511 919 535; x_wconf 86' lang='lat' dir='ltr'><strong><em>annum</em></strong></span> <span class='ocrx_word' id='word_1_26' title='bbox 949 506 1054 544; x_wconf 80' lang='lat'>1589.</span> <span class='ocrx_word' id='word_1_27' title='bbox 1071 499 1124 541; x_wconf 85' lang='lat' dir='ltr'><strong><em>id,</em></strong></span> <span class='ocrx_word' id='word_1_28' title='bbox 1155 501 1250 546; x_wconf 88' lang='lat' dir='ltr'><strong><em>quod</em></strong></span> <span class='ocrx_word' id='word_1_29' title='bbox 1270 501 1307 536; x_wconf 87' lang='lat' dir='ltr'><strong><em>in</em></strong></span> <span class='ocrx_word' id='word_1_30' title='bbox 1333 501 1441 537; x_wconf 85' lang='lat' dir='ltr'><strong><em>domo</em></strong></span> <span class='ocrx_word' id='word_1_31' title='bbox 1465 503 1650 540; x_wconf 76' lang='lat' dir='ltr'><strong><em>Sorbonica</em></strong></span> <span class='ocrx_word' id='word_1_32' title='bbox 1667 504 1728 540; x_wconf 78' lang='lat' dir='ltr'><strong><em>ad-</em></strong></span> 
     </span>
     <span class='ocr_line' id='line_1_5' title="bbox 227 547 1734 601; baseline 0.002 -14"><span class='ocrx_word' id='word_1_33' title='bbox 227 550 344 587; x_wconf 85' lang='lat' dir='ltr'><strong><em>versus</em></strong></span> <span class='ocrx_word' id='word_1_34' title='bbox 364 551 558 586; x_wconf 83' lang='lat' dir='ltr'><strong><em>Henricum</em></strong></span> <span class='ocrx_word' id='word_1_35' title='bbox 580 550 719 584; x_wconf 85' lang='lat' dir='ltr'><strong><em>tertium</em></strong></span> <span class='ocrx_word' id='word_1_36' title='bbox 748 548 879 595; x_wconf 88' lang='lat' dir='ltr'><strong><em>gestum</em></strong></span> <span class='ocrx_word' id='word_1_37' title='bbox 906 547 962 585; x_wconf 85' lang='lat' dir='ltr'><strong><em>est.</em></strong></span> <span class='ocrx_word' id='word_1_38' title='bbox 1014 550 1152 596; x_wconf 64' lang='lat' dir='ltr'><strong><em>Fufiiofi</em></strong></span> <span class='ocrx_word' id='word_1_39' title='bbox 1170 576 1179 591; x_wconf 93' lang='lat'><strong><em>,</em></strong></span> <span class='ocrx_word' id='word_1_40' title='bbox 1206 552 1322 596; x_wconf 88' lang='lat' dir='ltr'><strong><em>inquit</em></strong></span> <span class='ocrx_word' id='word_1_41' title='bbox 1338 576 1347 592; x_wconf 87' lang='lat'><strong><em>,</em></strong></span> <span class='ocrx_word' id='word_1_42' title='bbox 1383 551 1530 587; x_wconf 85' lang='lat' dir='ltr'><strong><em>libellum</em></strong></span> <span class='ocrx_word' id='word_1_43' title='bbox 1556 555 1734 601; x_wconf 55' lang='lat' dir='ltr'><strong><em>praefecit*</em></strong></span> 
     </span>
     <span class='ocr_line' id='line_1_6' title="bbox 103 597 1727 651; baseline 0 -13"><span class='ocrx_word' id='word_1_44' title='bbox 103 610 322 638; x_wconf 86' lang='lat' dir='ltr'><strong><em>mercatorum</em></strong></span> <span class='ocrx_word' id='word_1_45' title='bbox 348 610 380 636; x_wconf 83' lang='lat' dir='ltr'><strong><em>et</em></strong></span> <span class='ocrx_word' id='word_1_46' title='bbox 407 599 623 634; x_wconf 76' lang='lat' dir='ltr'><em>decurionum</em></span> <span class='ocrx_word' id='word_1_47' title='bbox 639 600 773 632; x_wconf 83' lang='lat' dir='ltr'><strong><em>nomine</em></strong></span> <span class='ocrx_word' id='word_1_48' title='bbox 787 597 1039 633; x_wconf 85' lang='lat' dir='ltr'><strong><em>Sorbonicorum</em></strong></span> <span class='ocrx_word' id='word_1_49' title='bbox 1055 600 1288 647; x_wconf 80' lang='lat' dir='ltr'><em>theologorum</em></span> <span class='ocrx_word' id='word_1_50' title='bbox 1315 602 1453 648; x_wconf 84' lang='lat' dir='ltr'><strong><em>collegio</em></strong></span> <span class='ocrx_word' id='word_1_51' title='bbox 1476 604 1727 651; x_wconf 74' lang='lat' dir='ltr'><strong><em>porrigendum</em></strong></span> 
     </span>
     <span class='ocr_line' id='line_1_7' title="bbox 104 646 1730 699; baseline -0.005 -12"><span class='ocrx_word' id='word_1_52' title='bbox 104 659 235 686; x_wconf 86' lang='lat' dir='ltr'><strong><em>curant.</em></strong></span> <span class='ocrx_word' id='word_1_53' title='bbox 291 647 506 692; x_wconf 76' lang='lat' dir='ltr'><strong><em>Quaerebant</em></strong></span> <span class='ocrx_word' id='word_1_54' title='bbox 528 648 592 688; x_wconf 83' lang='lat' dir='ltr'><strong><em>illi,</em></strong></span> <span class='ocrx_word' id='word_1_55' title='bbox 612 658 657 681; x_wconf 83' lang='lat' dir='ltr'><strong><em>an</em></strong></span> <span class='ocrx_word' id='word_1_56' title='bbox 675 647 819 693; x_wconf 79' lang='lat' dir='ltr'><strong><em>populus</em></strong></span> <span class='ocrx_word' id='word_1_57' title='bbox 837 646 982 681; x_wconf 87' lang='lat' dir='ltr'><strong><em>Galliae-</em></strong></span> <span class='ocrx_word' id='word_1_58' title='bbox 988 647 1220 692; x_wconf 78' lang='lat' dir='ltr'><strong><em>jurejurando</em></strong></span> <span class='ocrx_word' id='word_1_59' title='bbox 1240 648 1321 685; x_wconf 75' lang='lat' dir='ltr'><strong><em>fidei</em></strong></span> <span class='ocrx_word' id='word_1_60' title='bbox 1342 649 1491 684; x_wconf 87' lang='lat' dir='ltr'><strong><em>Henrico</em></strong></span> <span class='ocrx_word' id='word_1_61' title='bbox 1508 656 1609 686; x_wconf 87' lang='lat' dir='ltr'><strong><em>tertio</em></strong></span> <span class='ocrx_word' id='word_1_62' title='bbox 1631 665 1730 699; x_wconf 68' lang='lat' dir='ltr'><strong><em>prae.</em></strong></span> 
     </span>
     <span class='ocr_line' id='line_1_8' title="bbox 95 695 1728 747; baseline 0.001 -12"><span class='ocrx_word' id='word_1_63' title='bbox 95 701 175 747; x_wconf 86' lang='lat' dir='ltr'><strong><em>stito</em></strong></span> <span class='ocrx_word' id='word_1_64' title='bbox 185 701 313 745; x_wconf 82' lang='lat' dir='ltr'><strong><em>solutus</em></strong></span> <span class='ocrx_word' id='word_1_65' title='bbox 330 697 429 744; x_wconf 81' lang='lat' dir='ltr'><strong><em>effet,</em></strong></span> <span class='ocrx_word' id='word_1_66' title='bbox 455 696 571 742; x_wconf 75' lang='lat' dir='ltr'><strong><em>etfine</em></strong></span> <span class='ocrx_word' id='word_1_67' title='bbox 589 696 697 740; x_wconf 87' lang='lat' dir='ltr'><strong><em>morsu</em></strong></span> <span class='ocrx_word' id='word_1_68' title='bbox 715 697 933 740; x_wconf 83' lang='lat' dir='ltr'><strong><em>conscientiae</em></strong></span> <span class='ocrx_word' id='word_1_69' title='bbox 951 695 1058 741; x_wconf 86' lang='lat' dir='ltr'><strong><em>poffet</em></strong></span> <span class='ocrx_word' id='word_1_70' title='bbox 1074 698 1111 731; x_wconf 87' lang='lat' dir='ltr'><strong><em>in</em></strong></span> <span class='ocrx_word' id='word_1_71' title='bbox 1128 696 1187 731; x_wconf 79' lang='lat' dir='ltr'><strong><em>lzoc</em></strong></span> <span class='ocrx_word' id='word_1_72' title='bbox 1205 708 1313 745; x_wconf 86' lang='lat' dir='ltr'><strong><em>regno</em></strong></span> <span class='ocrx_word' id='word_1_73' title='bbox 1331 710 1425 731; x_wconf 86' lang='lat' dir='ltr'><strong><em>arma</em></strong></span> <span class='ocrx_word' id='word_1_74' title='bbox 1443 710 1579 745; x_wconf 80' lang='lat' dir='ltr'><strong><em>capene,</em></strong></span> <span class='ocrx_word' id='word_1_75' title='bbox 1600 702 1728 747; x_wconf 81' lang='lat' dir='ltr'><strong><em>foedus</em></strong></span> 
     </span>
     <span class='ocr_line' id='line_1_9' title="bbox 102 745 1727 795; baseline 0.001 -11"><span class='ocrx_word' id='word_1_76' title='bbox 102 752 212 789; x_wconf 82' lang='lat' dir='ltr'><strong><em>inire,</em></strong></span> <span class='ocrx_word' id='word_1_77' title='bbox 236 751 412 795; x_wconf 83' lang='lat' dir='ltr'><strong><em>pecuniam</em></strong></span> <span class='ocrx_word' id='word_1_78' title='bbox 430 757 548 793; x_wconf 85' lang='lat' dir='ltr'><strong><em>cogere</em></strong></span> <span class='ocrx_word' id='word_1_79' title='bbox 563 757 626 791; x_wconf 79' lang='lat' dir='ltr'><strong><em>pro</em></strong></span> <span class='ocrx_word' id='word_1_80' title='bbox 643 745 827 791; x_wconf 75' lang='lat' dir='ltr'><strong><em>defensione</em></strong></span> <span class='ocrx_word' id='word_1_81' title='bbox 844 745 1027 791; x_wconf 85' lang='lat' dir='ltr'><strong><em>religionis</em></strong></span> <span class='ocrx_word' id='word_1_82' title='bbox 1042 745 1222 780; x_wconf 79' lang='lat' dir='ltr'><strong><em>catholicae</em></strong></span> <span class='ocrx_word' id='word_1_83' title='bbox 1234 770 1244 783; x_wconf 93' lang='lat'>‚</span> <span class='ocrx_word' id='word_1_84' title='bbox 1271 747 1465 792; x_wconf 82' lang='lat' dir='ltr'><strong><em>apostolicae</em></strong></span> <span class='ocrx_word' id='word_1_85' title='bbox 1491 757 1525 783; x_wconf 82' lang='lat' dir='ltr'><strong><em>et</em></strong></span> <span class='ocrx_word' id='word_1_86' title='bbox 1542 750 1727 792; x_wconf 83' lang='lat' dir='ltr'><strong><em>Romanae,</em></strong></span> 
     </span>
     <span class='ocr_line' id='line_1_10' title="bbox 103 791 1728 844; baseline 0.001 -11"><span class='ocrx_word' id='word_1_87' title='bbox 103 806 220 833; x_wconf 88' lang='lat' dir='ltr'><strong><em>contra</em></strong></span> <span class='ocrx_word' id='word_1_88' title='bbox 237 797 415 844; x_wconf 79' lang='lat' dir='ltr'><strong><em>perversas</em></strong></span> <span class='ocrx_word' id='word_1_89' title='bbox 433 794 698 829; x_wconf 81' lang='lat' dir='ltr'><strong><em>machinationes</em></strong></span> <span class='ocrx_word' id='word_1_90' title='bbox 718 801 751 828; x_wconf 89' lang='lat' dir='ltr'><strong><em>et</em></strong></span> <span class='ocrx_word' id='word_1_91' title='bbox 767 801 905 828; x_wconf 84' lang='lat' dir='ltr'><strong><em>conatus</em></strong></span> <span class='ocrx_word' id='word_1_92' title='bbox 922 791 1020 839; x_wconf 79' lang='lat' dir='ltr'><strong><em>ipsius</em></strong></span> <span class='ocrx_word' id='word_1_93' title='bbox 1040 795 1153 841; x_wconf 81' lang='lat' dir='ltr'><strong><em>regis,</em></strong></span> <span class='ocrx_word' id='word_1_94' title='bbox 1183 796 1316 842; x_wconf 83' lang='lat' dir='ltr'><strong><em>ejusque</em></strong></span> <span class='ocrx_word' id='word_1_95' title='bbox 1326 797 1488 841; x_wconf 84' lang='lat' dir='ltr'><strong><em>fautores</em></strong></span> <span class='ocrx_word' id='word_1_96' title='bbox 1508 797 1546 833; x_wconf 86' lang='lat' dir='ltr'><strong><em>ob</em></strong></span> <span class='ocrx_word' id='word_1_97' title='bbox 1564 801 1728 836; x_wconf 82' lang='lat' dir='ltr'><strong><em>violatam</em></strong></span> 
     </span>
     <span class='ocr_line' id='line_1_11' title="bbox 104 842 1733 892; baseline 0.002 -10"><span class='ocrx_word' id='word_1_98' title='bbox 104 846 144 882; x_wconf 79' lang='lat' dir='ltr'><strong><em>ab</em></strong></span> <span class='ocrx_word' id='word_1_99' title='bbox 162 859 196 881; x_wconf 87' lang='lat' dir='ltr'><strong><em>eo</em></strong></span> <span class='ocrx_word' id='word_1_100' title='bbox 216 845 312 892; x_wconf 86' lang='lat' dir='ltr'><strong><em>Blefis</em></strong></span> <span class='ocrx_word' id='word_1_101' title='bbox 329 843 429 885; x_wconf 70' lang='lat' dir='ltr'><strong><em>fidem</em></strong></span> <span class='ocrx_word' id='word_1_102' title='bbox 447 842 614 889; x_wconf 78' lang='lat' dir='ltr'><strong><em>publicam</em></strong></span> <span class='ocrx_word' id='word_1_103' title='bbox 633 845 669 876; x_wconf 89' lang='lat' dir='ltr'><strong><em>in</em></strong></span> <span class='ocrx_word' id='word_1_104' title='bbox 686 842 862 877; x_wconf 83' lang='lat' dir='ltr'><strong><em>catholicae</em></strong></span> <span class='ocrx_word' id='word_1_105' title='bbox 879 842 1064 889; x_wconf 79' lang='lat' dir='ltr'><strong><em>religionis</em></strong></span> <span class='ocrx_word' id='word_1_106' title='bbox 1082 842 1105 877; x_wconf 87' lang='lat' dir='ltr'><strong><em>d</em></strong></span> <span class='ocrx_word' id='word_1_107' title='bbox 1170 845 1339 884; x_wconf 56' lang='lat' dir='ltr'><strong><em>attentum,</em></strong></span> <span class='ocrx_word' id='word_1_108' title='bbox 1368 854 1400 880; x_wconf 91' lang='lat' dir='ltr'><strong><em>et</em></strong></span> <span class='ocrx_word' id='word_1_109' title='bbox 1418 846 1523 881; x_wconf 70' lang='lat' dir='ltr'><strong><em>ediffi</em></strong></span> <span class='ocrx_word' id='word_1_110' title='bbox 1545 851 1680 884; x_wconf 87' lang='lat' dir='ltr'><strong><em>unionis</em></strong></span> <span class='ocrx_word' id='word_1_111' title='bbox 1694 858 1733 885; x_wconf 73' lang='lat' dir='ltr'><strong><em>et·</em></strong></span> 
     </span>
     <span class='ocr_line' id='line_1_12' title="bbox 102 889 1730 946; baseline 0.001 -15"><span class='ocrx_word' id='word_1_112' title='bbox 102 896 277 932; x_wconf 79' lang='lat' dir='ltr'><strong><em>libertatis</em></strong></span> <span class='ocrx_word' id='word_1_113' title='bbox 307 893 567 941; x_wconf 81' lang='lat' dir='ltr'><strong><em>praeiudicium.</em></strong></span> <span class='ocrx_word' id='word_1_114' title='bbox 619 892 687 926; x_wconf 82' lang='lat' dir='ltr'><strong><em>His</em></strong></span> <span class='ocrx_word' id='word_1_115' title='bbox 704 889 828 926; x_wconf 81' lang='lat' dir='ltr'><strong><em>duobus</em></strong></span> <span class='ocrx_word' id='word_1_116' title='bbox 845 890 966 926; x_wconf 86' lang='lat' dir='ltr'><strong><em>libellis</em></strong></span> <span class='ocrx_word' id='word_1_117' title='bbox 983 890 1024 925; x_wconf 88' lang='lat' dir='ltr'><strong><em>ab</em></strong></span> <span class='ocrx_word' id='word_1_118' title='bbox 1045 894 1124 931; x_wconf 73' lang='lat' dir='ltr'><strong><em>iis,“</em></strong></span> <span class='ocrx_word' id='word_1_119' title='bbox 1155 900 1218 927; x_wconf 85' lang='lat' dir='ltr'><strong><em>uae</em></strong></span> <span class='ocrx_word' id='word_1_120' title='bbox 1232 896 1421 934; x_wconf 85' lang='lat' dir='ltr'><strong><em>memoravi,</em></strong></span> <span class='ocrx_word' id='word_1_121' title='bbox 1441 898 1671 946; x_wconf 67' lang='lat' dir='ltr'><strong><em>comprehensis</em></strong></span> <span class='ocrx_word' id='word_1_122' title='bbox 1692 901 1730 934; x_wconf 79' lang='lat' dir='ltr'><strong><em>in</em></strong></span> 
     </span>
     <span class='ocr_line' id='line_1_13' title="bbox 102 940 1728 994; baseline -0.001 -14"><span class='ocrx_word' id='word_1_123' title='bbox 102 954 193 981; x_wconf 87' lang='lat' dir='ltr'><strong><em>coetu</em></strong></span> <span class='ocrx_word' id='word_1_124' title='bbox 206 946 392 992; x_wconf 84' lang='lat' dir='ltr'><strong><em>sexaginta</em></strong></span> <span class='ocrx_word' id='word_1_125' title='bbox 410 943 639 990; x_wconf 76' lang='lat' dir='ltr'><strong><em>theologorum</em></strong></span> <span class='ocrx_word' id='word_1_126' title='bbox 666 943 702 975; x_wconf 86' lang='lat' dir='ltr'><strong><em>in</em></strong></span> <span class='ocrx_word' id='word_1_127' title='bbox 716 941 827 985; x_wconf 83' lang='lat' dir='ltr'><strong><em>scltola</em></strong></span> <span class='ocrx_word' id='word_1_128' title='bbox 845 940 1026 975; x_wconf 85' lang='lat' dir='ltr'><strong><em>Sorbonica</em></strong></span> <span class='ocrx_word' id='word_1_129' title='bbox 1050 951 1354 989; x_wconf 86' lang='lat' dir='ltr'><strong><em>congregatorum,</em></strong></span> <span class='ocrx_word' id='word_1_130' title='bbox 1378 944 1447 990; x_wconf 84' lang='lat' dir='ltr'><strong><em>post</em></strong></span> <span class='ocrx_word' id='word_1_131' title='bbox 1465 947 1596 990; x_wconf 83' lang='lat' dir='ltr'><strong><em>sacrum</em></strong></span> <span class='ocrx_word' id='word_1_132' title='bbox 1613 951 1728 994; x_wconf 83' lang='lat' dir='ltr'><strong><em>spiri-</em></strong></span> 
     </span>
     <span class='ocr_line' id='line_1_14' title="bbox 106 989 1726 1040; baseline 0.002 -11"><span class='ocrx_word' id='word_1_133' title='bbox 106 1004 160 1030; x_wconf 82' lang='lat' dir='ltr'><strong><em>tus</em></strong></span> <span class='ocrx_word' id='word_1_134' title='bbox 170 994 284 1039; x_wconf 59' lang='lat' dir='ltr'><strong><em>sanc-li</em></strong></span> <span class='ocrx_word' id='word_1_135' title='bbox 301 1003 390 1027; x_wconf 85' lang='lat' dir='ltr'><strong><em>more</em></strong></span> <span class='ocrx_word' id='word_1_136' title='bbox 402 993 545 1036; x_wconf 87' lang='lat' dir='ltr'><strong><em>solemni</em></strong></span> <span class='ocrx_word' id='word_1_137' title='bbox 564 989 763 1025; x_wconf 81' lang='lat' dir='ltr'><strong><em>celebratum</em></strong></span> <span class='ocrx_word' id='word_1_138' title='bbox 791 997 923 1025; x_wconf 89' lang='lat' dir='ltr'><strong><em>mature</em></strong></span> <span class='ocrx_word' id='word_1_139' title='bbox 947 989 1090 1036; x_wconf 79' lang='lat' dir='ltr'><strong><em>expensis</em></strong></span> <span class='ocrx_word' id='word_1_140' title='bbox 1118 1002 1137 1024; x_wconf 91' lang='lat' dir='ltr'><strong><em>a</em></strong></span> <span class='ocrx_word' id='word_1_141' title='bbox 1164 991 1284 1027; x_wconf 86' lang='lat' dir='ltr'><strong><em>decano</em></strong></span> <span class='ocrx_word' id='word_1_142' title='bbox 1310 993 1444 1040; x_wconf 85' lang='lat' dir='ltr'><strong><em>collegii</em></strong></span> <span class='ocrx_word' id='word_1_143' title='bbox 1462 999 1726 1040; x_wconf 71' lang='lat' dir='ltr'><strong><em>pronunciatum</em></strong></span> 
     </span>
     <span class='ocr_line' id='line_1_15' title="bbox 104 1038 1726 1093; baseline 0.001 -16"><span class='ocrx_word' id='word_1_144' title='bbox 104 1044 164 1090; x_wconf 84' lang='lat' dir='ltr'><strong><em>est,</em></strong></span> <span class='ocrx_word' id='word_1_145' title='bbox 192 1052 225 1079; x_wconf 88' lang='lat' dir='ltr'><strong><em>et</em></strong></span> <span class='ocrx_word' id='word_1_146' title='bbox 243 1043 399 1089; x_wconf 81' lang='lat' dir='ltr'><strong><em>populum</em></strong></span> <span class='ocrx_word' id='word_1_147' title='bbox 429 1039 663 1087; x_wconf 79' lang='lat' dir='ltr'><strong><em>jurejurando</em></strong></span> <span class='ocrx_word' id='word_1_148' title='bbox 676 1040 822 1084; x_wconf 86' lang='lat' dir='ltr'><strong><em>solutum</em></strong></span> <span class='ocrx_word' id='word_1_149' title='bbox 839 1038 918 1085; x_wconf 83' lang='lat' dir='ltr'><strong><em>effe,</em></strong></span> <span class='ocrx_word' id='word_1_150' title='bbox 946 1049 979 1073; x_wconf 90' lang='lat' dir='ltr'><strong><em>et</em></strong></span> <span class='ocrx_word' id='word_1_151' title='bbox 996 1047 1115 1074; x_wconf 82' lang='lat' dir='ltr'><strong><em>contra</em></strong></span> <span class='ocrx_word' id='word_1_152' title='bbox 1131 1051 1169 1074; x_wconf 90' lang='lat' dir='ltr'><strong><em>re</em></strong></span> <span class='ocrx_word' id='word_1_153' title='bbox 1198 1052 1246 1075; x_wconf 89' lang='lat' dir='ltr'><strong><em>em</em></strong></span> <span class='ocrx_word' id='word_1_154' title='bbox 1258 1053 1323 1087; x_wconf 81' lang='lat' dir='ltr'><strong><em>pro</em></strong></span> <span class='ocrx_word' id='word_1_155' title='bbox 1342 1041 1524 1088; x_wconf 82' lang='lat' dir='ltr'><strong><em>defenfione</em></strong></span> <span class='ocrx_word' id='word_1_156' title='bbox 1545 1046 1726 1093; x_wconf 78' lang='lat' dir='ltr'><strong><em>religionis</em></strong></span> 
     </span>
     <span class='ocr_line' id='line_1_16' title="bbox 102 1086 1725 1141; baseline 0 -13"><span class='ocrx_word' id='word_1_157' title='bbox 102 1105 197 1128; x_wconf 81' lang='lat' dir='ltr'><strong><em>arma</em></strong></span> <span class='ocrx_word' id='word_1_158' title='bbox 213 1094 288 1138; x_wconf 77' lang='lat' dir='ltr'><strong><em>capi</em></strong></span> <span class='ocrx_word' id='word_1_159' title='bbox 300 1089 379 1138; x_wconf 83' lang='lat' dir='ltr'><strong><em>poff</em></strong></span> <span class='ocrx_word' id='word_1_160' title='bbox 376 1102 409 1125; x_wconf 88' lang='lat' dir='ltr'><strong><em>e:</em></strong></span> <span class='ocrx_word' id='word_1_161' title='bbox 438 1091 542 1133; x_wconf 85' lang='lat' dir='ltr'><strong><em>visum</em></strong></span> <span class='ocrx_word' id='word_1_162' title='bbox 560 1089 696 1135; x_wconf 57' lang='lat' dir='ltr'><strong><em>insuper</em></strong></span> <span class='ocrx_word' id='word_1_163' title='bbox 713 1089 866 1135; x_wconf 83' lang='lat' dir='ltr'><strong><em>collegio,</em></strong></span> <span class='ocrx_word' id='word_1_164' title='bbox 883 1096 923 1123; x_wconf 84' lang='lat' dir='ltr'><strong><em>ut</em></strong></span> <span class='ocrx_word' id='word_1_165' title='bbox 942 1086 1109 1123; x_wconf 82' lang='lat' dir='ltr'><strong><em>decretum</em></strong></span> <span class='ocrx_word' id='word_1_166' title='bbox 1129 1101 1148 1123; x_wconf 86' lang='lat' dir='ltr'><strong><em>a</em></strong></span> <span class='ocrx_word' id='word_1_167' title='bbox 1185 1089 1371 1136; x_wconf 75' lang='lat' dir='ltr'><strong><em>pontificem</em></strong></span> <span class='ocrx_word' id='word_1_168' title='bbox 1388 1094 1604 1131; x_wconf 87' lang='lat' dir='ltr'><strong><em>mitteretur,</em></strong></span> <span class='ocrx_word' id='word_1_169' title='bbox 1633 1095 1725 1141; x_wconf 84' lang='lat' dir='ltr'><strong><em>isque</em></strong></span> 
     </span>
     <span class='ocr_line' id='line_1_17' title="bbox 101 1137 1725 1191; baseline 0.001 -15"><span class='ocrx_word' id='word_1_170' title='bbox 101 1150 290 1191; x_wconf 75' lang='lat' dir='ltr'><strong><em>rogaretur</em></strong></span> <span class='ocrx_word' id='word_1_171' title='bbox 311 1141 448 1187; x_wconf 85' lang='lat' dir='ltr'><strong><em>collegii</em></strong></span> <span class='ocrx_word' id='word_1_172' title='bbox 466 1140 612 1178; x_wconf 83' lang='lat' dir='ltr'><strong><em>nomine,</em></strong></span> <span class='ocrx_word' id='word_1_173' title='bbox 641 1147 680 1173; x_wconf 88' lang='lat' dir='ltr'><strong><em>ut</em></strong></span> <span class='ocrx_word' id='word_1_174' title='bbox 697 1137 902 1172; x_wconf 66' lang='lat' dir='ltr'><strong><em>aufloritate</em></strong></span> <span class='ocrx_word' id='word_1_175' title='bbox 919 1139 982 1182; x_wconf 86' lang='lat' dir='ltr'><strong><em>sua</em></strong></span> <span class='ocrx_word' id='word_1_176' title='bbox 1002 1137 1090 1172; x_wconf 88' lang='lat' dir='ltr'><strong><em>illud</em></strong></span> <span class='ocrx_word' id='word_1_177' title='bbox 1109 1138 1334 1185; x_wconf 83' lang='lat' dir='ltr'><strong><em>approbaret,</em></strong></span> <span class='ocrx_word' id='word_1_178' title='bbox 1369 1148 1403 1176; x_wconf 87' lang='lat' dir='ltr'><strong><em>et</em></strong></span> <span class='ocrx_word' id='word_1_179' title='bbox 1428 1143 1560 1176; x_wconf 85' lang='lat' dir='ltr'><strong><em>auxilia</em></strong></span> <span class='ocrx_word' id='word_1_180' title='bbox 1578 1140 1725 1185; x_wconf 66' lang='lat' dir='ltr'><strong><em>afflifiae</em></strong></span> 
     </span>
     <span class='ocr_line' id='line_1_18' title="bbox 100 1185 1726 1238; baseline 0 -12"><span class='ocrx_word' id='word_1_181' title='bbox 100 1194 137 1226; x_wconf 87' lang='lat' dir='ltr'><strong><em>in</em></strong></span> <span class='ocrx_word' id='word_1_182' title='bbox 155 1191 298 1226; x_wconf 86' lang='lat' dir='ltr'><strong><em>Francia</em></strong></span> <span class='ocrx_word' id='word_1_183' title='bbox 317 1189 457 1234; x_wconf 78' lang='lat' dir='ltr'><strong><em>ecclesiae</em></strong></span> <span class='ocrx_word' id='word_1_184' title='bbox 464 1186 696 1233; x_wconf 85' lang='lat' dir='ltr'><strong><em>submitteret,</em></strong></span> <span class='ocrx_word' id='word_1_185' title='bbox 733 1194 973 1222; x_wconf 85' lang='lat' dir='ltr'><strong><em>monumentum</em></strong></span> <span class='ocrx_word' id='word_1_186' title='bbox 990 1185 1159 1232; x_wconf 79' lang='lat' dir='ltr'><strong><em>publicum</em></strong></span> <span class='ocrx_word' id='word_1_187' title='bbox 1177 1199 1213 1222; x_wconf 89' lang='lat' dir='ltr'><strong><em>ea</em></strong></span> <span class='ocrx_word' id='word_1_188' title='bbox 1231 1188 1271 1223; x_wconf 85' lang='lat' dir='ltr'><strong><em>de</em></strong></span> <span class='ocrx_word' id='word_1_189' title='bbox 1288 1200 1325 1223; x_wconf 90' lang='lat' dir='ltr'><strong><em>re</em></strong></span> <span class='ocrx_word' id='word_1_190' title='bbox 1343 1190 1544 1235; x_wconf 53' lang='lat' dir='ltr'><strong><em>confilium,</em></strong></span> <span class='ocrx_word' id='word_1_191' title='bbox 1572 1200 1605 1226; x_wconf 89' lang='lat' dir='ltr'><strong><em>et</em></strong></span> <span class='ocrx_word' id='word_1_192' title='bbox 1631 1194 1726 1238; x_wconf 73' lang='lat' dir='ltr'><strong><em>typis</em></strong></span> 
     </span>
     <span class='ocr_line' id='line_1_19' title="bbox 101 1235 1725 1288; baseline -0.001 -13"><span class='ocrx_word' id='word_1_193' title='bbox 101 1239 297 1275; x_wconf 87' lang='lat' dir='ltr'><strong><em>mandatum</em></strong></span> <span class='ocrx_word' id='word_1_194' title='bbox 323 1238 376 1284; x_wconf 87' lang='lat' dir='ltr'><strong><em>est.</em></strong></span> <span class='ocrx_word' id='word_1_195' title='bbox 431 1236 537 1272; x_wconf 84' lang='lat' dir='ltr'><strong><em>Addit</em></strong></span> <span class='ocrx_word' id='word_1_196' title='bbox 554 1236 677 1270; x_wconf 81' lang='lat' dir='ltr'><strong><em>deinde</em></strong></span> <span class='ocrx_word' id='word_1_197' title='bbox 699 1235 814 1282; x_wconf 86' lang='lat' dir='ltr'><strong><em>plures</em></strong></span> <span class='ocrx_word' id='word_1_198' title='bbox 831 1247 1022 1283; x_wconf 84' lang='lat' dir='ltr'><strong><em>anonymos</em></strong></span> <span class='ocrx_word' id='word_1_199' title='bbox 1048 1247 1084 1269; x_wconf 86' lang='lat' dir='ltr'><strong><em>ea</em></strong></span> <span class='ocrx_word' id='word_1_200' title='bbox 1111 1236 1152 1271; x_wconf 84' lang='lat' dir='ltr'><strong><em>de</em></strong></span> <span class='ocrx_word' id='word_1_201' title='bbox 1171 1248 1206 1271; x_wconf 91' lang='lat' dir='ltr'><strong><em>re</em></strong></span> <span class='ocrx_word' id='word_1_202' title='bbox 1230 1236 1388 1283; x_wconf 66' lang='lat' dir='ltr'><strong><em>scripsisse</em></strong></span> <span class='ocrx_word' id='word_1_203' title='bbox 1411 1237 1541 1276; x_wconf 83' lang='lat' dir='ltr'><strong><em>libros,</em></strong></span> <span class='ocrx_word' id='word_1_204' title='bbox 1568 1251 1599 1275; x_wconf 85' lang='lat' dir='ltr'><strong><em>et</em></strong></span> <span class='ocrx_word' id='word_1_205' title='bbox 1624 1242 1725 1288; x_wconf 82' lang='lat' dir='ltr'><strong><em>Joan-</em></strong></span> 
     </span>
     <span class='ocr_line' id='line_1_20' title="bbox 102 1282 1726 1331; baseline 0 -7"><span class='ocrx_word' id='word_1_206' title='bbox 102 1301 180 1324; x_wconf 87' lang='lat' dir='ltr'><strong><em>nem</em></strong></span> <span class='ocrx_word' id='word_1_207' title='bbox 198 1287 410 1323; x_wconf 76' lang='lat' dir='ltr'><strong><em>Eucherium</em></strong></span> <span class='ocrx_word' id='word_1_208' title='bbox 428 1289 458 1321; x_wconf 84' lang='lat' dir='ltr'><strong><em>S.</em></strong></span> <span class='ocrx_word' id='word_1_209' title='bbox 481 1283 654 1322; x_wconf 71' lang='lat' dir='ltr'><strong><em>Benediffl</em></strong></span> <span class='ocrx_word' id='word_1_210' title='bbox 672 1284 840 1331; x_wconf 84' lang='lat' dir='ltr'><strong><em>pastorem</em></strong></span> <span class='ocrx_word' id='word_1_211' title='bbox 867 1283 1047 1319; x_wconf 64' lang='lat' dir='ltr'><strong><em>doaorem</em></strong></span> <span class='ocrx_word' id='word_1_212' title='bbox 1076 1282 1304 1321; x_wconf 77' lang='lat' dir='ltr'><strong><em>sorbonicum</em></strong></span> <span class='ocrx_word' id='word_1_213' title='bbox 1321 1311 1330 1327; x_wconf 91' lang='lat'><strong><em>,</em></strong></span> <span class='ocrx_word' id='word_1_214' title='bbox 1357 1288 1514 1322; x_wconf 81' lang='lat' dir='ltr'><strong><em>Henrico</em></strong></span> <span class='ocrx_word' id='word_1_215' title='bbox 1535 1290 1636 1323; x_wconf 69' lang='lat' dir='ltr'><strong><em>te&#39;rtio</em></strong></span> <span class='ocrx_word' id='word_1_216' title='bbox 1658 1301 1726 1324; x_wconf 85' lang='lat' dir='ltr'><strong><em>tru-</em></strong></span> 
     </span>
     <span class='ocr_line' id='line_1_21' title="bbox 105 1332 1722 1383; baseline -0.001 -9"><span class='ocrx_word' id='word_1_217' title='bbox 105 1338 236 1378; x_wconf 80' lang='lat' dir='ltr'><strong><em>cidato,</em></strong></span> <span class='ocrx_word' id='word_1_218' title='bbox 265 1336 394 1370; x_wconf 85' lang='lat' dir='ltr'><strong><em>librum</em></strong></span> <span class='ocrx_word' id='word_1_219' title='bbox 414 1335 602 1380; x_wconf 81' lang='lat' dir='ltr'><strong><em>infignibus</em></strong></span> <span class='ocrx_word' id='word_1_220' title='bbox 619 1334 765 1370; x_wconf 86' lang='lat' dir='ltr'><strong><em>Nivellii</em></strong></span> <span class='ocrx_word' id='word_1_221' title='bbox 783 1334 873 1382; x_wconf 85' lang='lat' dir='ltr'><strong><em>typis</em></strong></span> <span class='ocrx_word' id='word_1_222' title='bbox 894 1332 1091 1380; x_wconf 77' lang='lat' dir='ltr'><strong><em>impressum</em></strong></span> <span class='ocrx_word' id='word_1_223' title='bbox 1109 1336 1145 1369; x_wconf 85' lang='lat' dir='ltr'><strong><em>in</em></strong></span> <span class='ocrx_word' id='word_1_224' title='bbox 1160 1335 1272 1370; x_wconf 87' lang='lat' dir='ltr'><strong><em>lucem</em></strong></span> <span class='ocrx_word' id='word_1_225' title='bbox 1290 1334 1448 1373; x_wconf 81' lang='lat' dir='ltr'><strong><em>emififfe,</em></strong></span> <span class='ocrx_word' id='word_1_226' title='bbox 1475 1335 1518 1370; x_wconf 87' lang='lat' dir='ltr'><strong><em>de</em></strong></span> <span class='ocrx_word' id='word_1_227' title='bbox 1533 1336 1618 1383; x_wconf 78' lang='lat' dir='ltr'><strong><em>justa</em></strong></span> <span class='ocrx_word' id='word_1_228' title='bbox 1629 1341 1722 1373; x_wconf 85' lang='lat' dir='ltr'><strong><em>Hen-</em></strong></span> 
     </span>
     <span class='ocr_line' id='line_1_22' title="bbox 104 1383 1029 1426; baseline -0.009 -3"><span class='ocrx_word' id='word_1_229' title='bbox 104 1387 167 1424; x_wconf 85' lang='lat' dir='ltr'><strong><em>rici</em></strong></span> <span class='ocrx_word' id='word_1_230' title='bbox 185 1385 279 1422; x_wconf 86' lang='lat' dir='ltr'><strong><em>tertii</em></strong></span> <span class='ocrx_word' id='word_1_231' title='bbox 298 1383 528 1423; x_wconf 84' lang='lat' dir='ltr'><strong><em>abdicatione,</em></strong></span> <span class='ocrx_word' id='word_1_232' title='bbox 556 1384 615 1426; x_wconf 88' lang='lat' dir='ltr'><strong><em>qui</em></strong></span> <span class='ocrx_word' id='word_1_233' title='bbox 634 1385 819 1416; x_wconf 81' lang='lat' dir='ltr'><strong><em>etiamnum</em></strong></span> <span class='ocrx_word' id='word_1_234' title='bbox 844 1384 1029 1426; x_wconf 88' lang='lat' dir='ltr'><strong><em>reperitur.</em></strong></span> 
     </span>
    </p>

    <p class='ocr_par' dir='ltr' id='par_1_4' title="bbox 102 1428 1724 1922">
     <span class='ocr_line' id='line_1_23' title="bbox 252 1428 1724 1477; baseline 0.001 -8"><span class='ocrx_word' id='word_1_235' title='bbox 252 1432 327 1469; x_wconf 88' lang='lat' dir='ltr'><strong><em>Lib.</em></strong></span> <span class='ocrx_word' id='word_1_236' title='bbox 349 1439 407 1477; x_wconf 80' lang='lat'><strong><em>98.</em></strong></span> <span class='ocrx_word' id='word_1_237' title='bbox 426 1443 538 1466; x_wconf 83' lang='lat' dir='ltr'><strong><em>narrat</em></strong></span> <span class='ocrx_word' id='word_1_238' title='bbox 555 1432 645 1465; x_wconf 82' lang='lat' dir='ltr'><strong><em>idem</em></strong></span> <span class='ocrx_word' id='word_1_239' title='bbox 662 1430 830 1466; x_wconf 79' lang='lat' dir='ltr'><strong><em>Thuanus</em></strong></span> <span class='ocrx_word' id='word_1_240' title='bbox 850 1430 1032 1475; x_wconf 78' lang='lat' dir='ltr'><strong><em>collegium</em></strong></span> <span class='ocrx_word' id='word_1_241' title='bbox 1058 1429 1285 1466; x_wconf 85' lang='lat' dir='ltr'><strong><em>Sorbonicum</em></strong></span> <span class='ocrx_word' id='word_1_242' title='bbox 1314 1428 1511 1467; x_wconf 85' lang='lat' dir='ltr'><strong><em>sanciendae</em></strong></span> <span class='ocrx_word' id='word_1_243' title='bbox 1541 1434 1662 1469; x_wconf 85' lang='lat' dir='ltr'><strong><em>unioni</em></strong></span> <span class='ocrx_word' id='word_1_244' title='bbox 1688 1435 1724 1470; x_wconf 79' lang='lat' dir='ltr'><strong><em>in</em></strong></span> 
     </span>
     <span class='ocr_line' id='line_1_24' title="bbox 103 1478 1722 1529; baseline -0.002 -7"><span class='ocrx_word' id='word_1_245' title='bbox 103 1484 296 1524; x_wconf 82' lang='lat' dir='ltr'><strong><em>Henricum</em></strong></span> <span class='ocrx_word' id='word_1_246' title='bbox 316 1491 479 1527; x_wconf 83' lang='lat' dir='ltr'><strong><em>quartum</em></strong></span> <span class='ocrx_word' id='word_1_247' title='bbox 497 1478 596 1514; x_wconf 78' lang='lat' dir='ltr'><strong><em>fuisse</em></strong></span> <span class='ocrx_word' id='word_1_248' title='bbox 611 1480 883 1524; x_wconf 66' lang='lat' dir='ltr'><strong><em>puroeinatum,</em></strong></span> <span class='ocrx_word' id='word_1_249' title='bbox 910 1490 944 1513; x_wconf 86' lang='lat' dir='ltr'><strong><em>et</em></strong></span> <span class='ocrx_word' id='word_1_250' title='bbox 968 1491 1217 1525; x_wconf 80' lang='lat' dir='ltr'><strong><em>congregatum</em></strong></span> <span class='ocrx_word' id='word_1_251' title='bbox 1244 1479 1412 1516; x_wconf 82' lang='lat' dir='ltr'><strong><em>mandaffe</em></strong></span> <span class='ocrx_word' id='word_1_252' title='bbox 1438 1480 1507 1517; x_wconf 82' lang='lat' dir='ltr'><strong><em>suis</em></strong></span> <span class='ocrx_word' id='word_1_253' title='bbox 1531 1483 1722 1529; x_wconf 73' lang='lat' dir='ltr'><strong><em>theologis,</em></strong></span> 
     </span>
     <span class='ocr_line' id='line_1_25' title="bbox 102 1527 1721 1575; baseline -0.002 -4"><span class='ocrx_word' id='word_1_254' title='bbox 102 1547 142 1571; x_wconf 84' lang='lat' dir='ltr'><strong><em>ut</em></strong></span> <span class='ocrx_word' id='word_1_255' title='bbox 161 1536 261 1569; x_wconf 86' lang='lat' dir='ltr'><strong><em>etiam</em></strong></span> <span class='ocrx_word' id='word_1_256' title='bbox 280 1543 357 1566; x_wconf 87' lang='lat' dir='ltr'><strong><em>cum</em></strong></span> <span class='ocrx_word' id='word_1_257' title='bbox 375 1530 462 1565; x_wconf 85' lang='lat' dir='ltr'><strong><em>vitae</em></strong></span> <span class='ocrx_word' id='word_1_258' title='bbox 480 1527 636 1575; x_wconf 82' lang='lat' dir='ltr'><strong><em>periculo</em></strong></span> <span class='ocrx_word' id='word_1_259' title='bbox 661 1537 895 1562; x_wconf 82' lang='lat' dir='ltr'><strong><em>execrarentur</em></strong></span> <span class='ocrx_word' id='word_1_260' title='bbox 911 1528 998 1562; x_wconf 82' lang='lat' dir='ltr'><strong><em>hanc</em></strong></span> <span class='ocrx_word' id='word_1_261' title='bbox 1023 1529 1297 1573; x_wconf 70' lang='lat' dir='ltr'><strong><em>propositionem</em></strong></span> <span class='ocrx_word' id='word_1_262' title='bbox 1314 1553 1323 1568; x_wconf 87' lang='lat'><strong><em>,</em></strong></span> <span class='ocrx_word' id='word_1_263' title='bbox 1359 1530 1567 1566; x_wconf 85' lang='lat' dir='ltr'><strong><em>haereticum</em></strong></span> <span class='ocrx_word' id='word_1_264' title='bbox 1594 1533 1721 1569; x_wconf 84' lang='lat' dir='ltr'><strong><em>nedum</em></strong></span> 
     </span>
     <span class='ocr_line' id='line_1_26' title="bbox 103 1575 1722 1631; baseline -0.002 -11"><span class='ocrx_word' id='word_1_265' title='bbox 103 1582 294 1631; x_wconf 75' lang='lat' dir='ltr'><strong><em>relapsum,</em></strong></span> <span class='ocrx_word' id='word_1_266' title='bbox 321 1591 353 1615; x_wconf 85' lang='lat' dir='ltr'><strong><em>et</em></strong></span> <span class='ocrx_word' id='word_1_267' title='bbox 372 1590 463 1614; x_wconf 84' lang='lat' dir='ltr'><strong><em>extra</em></strong></span> <span class='ocrx_word' id='word_1_268' title='bbox 487 1576 636 1612; x_wconf 74' lang='lat' dir='ltr'><strong><em>ecclesiae</em></strong></span> <span class='ocrx_word' id='word_1_269' title='bbox 659 1575 938 1611; x_wconf 87' lang='lat' dir='ltr'><strong><em>communionem</em></strong></span> <span class='ocrx_word' id='word_1_270' title='bbox 963 1575 1112 1621; x_wconf 74' lang='lat' dir='ltr'><strong><em>politum</em></strong></span> <span class='ocrx_word' id='word_1_271' title='bbox 1140 1577 1194 1624; x_wconf 80' lang='lat' dir='ltr'><strong><em>jus</em></strong></span> <span class='ocrx_word' id='word_1_272' title='bbox 1217 1578 1380 1622; x_wconf 80' lang='lat' dir='ltr'><strong><em>regnandi</em></strong></span> <span class='ocrx_word' id='word_1_273' title='bbox 1399 1580 1434 1613; x_wconf 88' lang='lat' dir='ltr'><strong><em>in</em></strong></span> <span class='ocrx_word' id='word_1_274' title='bbox 1455 1581 1566 1614; x_wconf 88' lang='lat' dir='ltr'><strong><em>Gallia</em></strong></span> <span class='ocrx_word' id='word_1_275' title='bbox 1596 1581 1722 1617; x_wconf 82' lang='lat' dir='ltr'><strong><em>habere</em></strong></span> 
     </span>
     <span class='ocr_line' id='line_1_27' title="bbox 103 1623 1722 1680; baseline -0.004 -11"><span class='ocrx_word' id='word_1_276' title='bbox 103 1647 173 1670; x_wconf 85' lang='lat' dir='ltr'><strong><em>non</em></strong></span> <span class='ocrx_word' id='word_1_277' title='bbox 194 1629 297 1680; x_wconf 87' lang='lat' dir='ltr'><strong><em>posse.</em></strong></span> <span class='ocrx_word' id='word_1_278' title='bbox 352 1632 392 1664; x_wconf 87' lang='lat' dir='ltr'><strong><em>In</em></strong></span> <span class='ocrx_word' id='word_1_279' title='bbox 407 1627 578 1663; x_wconf 85' lang='lat' dir='ltr'><strong><em>facultatis</em></strong></span> <span class='ocrx_word' id='word_1_280' title='bbox 594 1626 765 1660; x_wconf 86' lang='lat' dir='ltr'><strong><em>decretum</em></strong></span> <span class='ocrx_word' id='word_1_281' title='bbox 783 1624 940 1672; x_wconf 80' lang='lat' dir='ltr'><strong><em>jurarunt</em></strong></span> <span class='ocrx_word' id='word_1_282' title='bbox 957 1623 1139 1671; x_wconf 86' lang='lat' dir='ltr'><strong><em>episcopus</em></strong></span> <span class='ocrx_word' id='word_1_283' title='bbox 1161 1637 1193 1661; x_wconf 89' lang='lat' dir='ltr'><strong><em>et</em></strong></span> <span class='ocrx_word' id='word_1_284' title='bbox 1208 1626 1372 1671; x_wconf 86' lang='lat' dir='ltr'><strong><em>parochi.</em></strong></span> <span class='ocrx_word' id='word_1_285' title='bbox 1399 1638 1432 1662; x_wconf 87' lang='lat' dir='ltr'><strong><em>et</em></strong></span> <span class='ocrx_word' id='word_1_286' title='bbox 1456 1628 1619 1674; x_wconf 81' lang='lat' dir='ltr'><strong><em>probavit</em></strong></span> <span class='ocrx_word' id='word_1_287' title='bbox 1636 1630 1722 1665; x_wconf 84' lang='lat' dir='ltr'><strong><em>illud</em></strong></span> 
     </span>
     <span class='ocr_line' id='line_1_28' title="bbox 103 1672 1722 1732; baseline -0.004 -13"><span class='ocrx_word' id='word_1_288' title='bbox 103 1684 284 1732; x_wconf 64' lang='lat' dir='ltr'><strong><em>cajetanus</em></strong></span> <span class='ocrx_word' id='word_1_289' title='bbox 300 1679 430 1726; x_wconf 84' lang='lat' dir='ltr'><strong><em>legatus</em></strong></span> <span class='ocrx_word' id='word_1_290' title='bbox 451 1675 676 1723; x_wconf 63' lang='lat' dir='ltr'><strong><em>apostolicm,</em></strong></span> <span class='ocrx_word' id='word_1_291' title='bbox 704 1686 808 1719; x_wconf 81' lang='lat' dir='ltr'><strong><em>eaque</em></strong></span> <span class='ocrx_word' id='word_1_292' title='bbox 823 1685 901 1719; x_wconf 84' lang='lat' dir='ltr'><strong><em>pars</em></strong></span> <span class='ocrx_word' id='word_1_293' title='bbox 919 1672 1068 1714; x_wconf 80' lang='lat' dir='ltr'><strong><em>senatus,</em></strong></span> <span class='ocrx_word' id='word_1_294' title='bbox 1097 1686 1183 1718; x_wconf 90' lang='lat' dir='ltr'><strong><em>quae</em></strong></span> <span class='ocrx_word' id='word_1_295' title='bbox 1207 1674 1340 1709; x_wconf 80' lang='lat' dir='ltr'><strong><em>Parisu&#39;s</em></strong></span> <span class='ocrx_word' id='word_1_296' title='bbox 1359 1677 1648 1713; x_wconf 80' lang='lat' dir='ltr'><strong><em>commorabatur.</em></strong></span> <span class='ocrx_word' id='word_1_297' title='bbox 1678 1682 1722 1715; x_wconf 80' lang='lat' dir='ltr'><strong><em>Et</em></strong></span> 
     </span>
     <span class='ocr_line' id='line_1_29' title="bbox 102 1721 1720 1769; baseline -0.004 0"><span class='ocrx_word' id='word_1_298' title='bbox 102 1733 162 1769; x_wconf 87' lang='lat' dir='ltr'><strong><em>lib.</em></strong></span> <span class='ocrx_word' id='word_1_299' title='bbox 182 1731 302 1767; x_wconf 87' lang='lat' dir='ltr'><strong><em>eodem</em></strong></span> <span class='ocrx_word' id='word_1_300' title='bbox 330 1729 423 1764; x_wconf 85' lang='lat' dir='ltr'><strong><em>addit</em></strong></span> <span class='ocrx_word' id='word_1_301' title='bbox 443 1725 620 1762; x_wconf 63' lang='lat' dir='ltr'><strong><em>decrevisse</em></strong></span> <span class='ocrx_word' id='word_1_302' title='bbox 646 1725 735 1760; x_wconf 83' lang='lat' dir='ltr'><strong><em>idem</em></strong></span> <span class='ocrx_word' id='word_1_303' title='bbox 763 1723 946 1769; x_wconf 78' lang='lat' dir='ltr'><strong><em>collegium</em></strong></span> <span class='ocrx_word' id='word_1_304' title='bbox 964 1747 973 1760; x_wconf 86' lang='lat'>‚</span> <span class='ocrx_word' id='word_1_305' title='bbox 1008 1724 1110 1758; x_wconf 83' lang='lat' dir='ltr'><strong><em>etiam</em></strong></span> <span class='ocrx_word' id='word_1_306' title='bbox 1138 1721 1302 1767; x_wconf 65' lang='lat' dir='ltr'><strong><em>defunsto</em></strong></span> <span class='ocrx_word' id='word_1_307' title='bbox 1327 1725 1489 1761; x_wconf 84' lang='lat' dir='ltr'><strong><em>cardinali</em></strong></span> <span class='ocrx_word' id='word_1_308' title='bbox 1522 1727 1720 1763; x_wconf 79' lang='lat' dir='ltr'><strong><em>Borbonio:</em></strong></span> 
     </span>
     <span class='ocr_line' id='line_1_30' title="bbox 103 1773 1722 1826; baseline 0 -15"><span class='ocrx_word' id='word_1_309' title='bbox 103 1784 254 1819; x_wconf 72' lang='lat' dir='ltr'><strong><em>Henrico</em></strong></span> <span class='ocrx_word' id='word_1_310' title='bbox 272 1781 438 1826; x_wconf 80' lang='lat' dir='ltr'><strong><em>nunquam</em></strong></span> <span class='ocrx_word' id='word_1_311' title='bbox 455 1777 519 1823; x_wconf 68' lang='lat' dir='ltr'><strong><em>effe</em></strong></span> <span class='ocrx_word' id='word_1_312' title='bbox 536 1774 725 1823; x_wconf 81' lang='lat' dir='ltr'><strong><em>parendum</em></strong></span> <span class='ocrx_word' id='word_1_313' title='bbox 736 1782 882 1820; x_wconf 83' lang='lat' dir='ltr'><strong><em>propter</em></strong></span> <span class='ocrx_word' id='word_1_314' title='bbox 895 1781 1016 1807; x_wconf 89' lang='lat' dir='ltr'><strong><em>metum</em></strong></span> <span class='ocrx_word' id='word_1_315' title='bbox 1021 1773 1267 1820; x_wconf 76' lang='lat' dir='ltr'><strong><em>simulationis,</em></strong></span> <span class='ocrx_word' id='word_1_316' title='bbox 1293 1782 1327 1808; x_wconf 86' lang='lat' dir='ltr'><strong><em>et</em></strong></span> <span class='ocrx_word' id='word_1_317' title='bbox 1343 1784 1411 1815; x_wconf 86' lang='lat' dir='ltr'><strong><em>eos,</em></strong></span> <span class='ocrx_word' id='word_1_318' title='bbox 1440 1779 1500 1822; x_wconf 89' lang='lat' dir='ltr'><strong><em>qui</em></strong></span> <span class='ocrx_word' id='word_1_319' title='bbox 1517 1776 1564 1812; x_wconf 81' lang='lat' dir='ltr'><strong><em>ad</em></strong></span> <span class='ocrx_word' id='word_1_320' title='bbox 1575 1779 1722 1825; x_wconf 84' lang='lat' dir='ltr'><strong><em>sangui-</em></strong></span> 
     </span>
     <span class='ocr_line' id='line_1_31' title="bbox 103 1824 1724 1879; baseline -0.007 -11"><span class='ocrx_word' id='word_1_321' title='bbox 103 1835 158 1868; x_wconf 78' lang='lat' dir='ltr'><strong><em>nis</em></strong></span> <span class='ocrx_word' id='word_1_322' title='bbox 175 1832 272 1879; x_wconf 66' lang='lat' dir='ltr'><strong><em>usique</em></strong></span> <span class='ocrx_word' id='word_1_323' title='bbox 292 1827 474 1874; x_wconf 79' lang='lat' dir='ltr'><strong><em>effusionem</em></strong></span> <span class='ocrx_word' id='word_1_324' title='bbox 495 1825 674 1873; x_wconf 77' lang='lat' dir='ltr'><strong><em>refisterent</em></strong></span> <span class='ocrx_word' id='word_1_325' title='bbox 692 1848 700 1860; x_wconf 88' lang='lat'><strong><em>,</em></strong></span> <span class='ocrx_word' id='word_1_326' title='bbox 727 1831 901 1858; x_wconf 86' lang='lat' dir='ltr'><strong><em>aeternum</em></strong></span> <span class='ocrx_word' id='word_1_327' title='bbox 921 1825 958 1857; x_wconf 88' lang='lat' dir='ltr'><strong><em>in</em></strong></span> <span class='ocrx_word' id='word_1_328' title='bbox 973 1824 1059 1857; x_wconf 87' lang='lat' dir='ltr'><strong><em>coelo</em></strong></span> <span class='ocrx_word' id='word_1_329' title='bbox 1074 1824 1260 1868; x_wconf 79' lang='lat' dir='ltr'><strong><em>praemium</em></strong></span> <span class='ocrx_word' id='word_1_330' title='bbox 1273 1848 1281 1863; x_wconf 97' lang='lat'><strong><em>,</em></strong></span> <span class='ocrx_word' id='word_1_331' title='bbox 1307 1831 1341 1857; x_wconf 90' lang='lat' dir='ltr'><strong><em>et</em></strong></span> <span class='ocrx_word' id='word_1_332' title='bbox 1358 1832 1397 1858; x_wconf 90' lang='lat' dir='ltr'><strong><em>ut</em></strong></span> <span class='ocrx_word' id='word_1_333' title='bbox 1417 1824 1505 1868; x_wconf 81' lang='lat' dir='ltr'><strong><em>fidei</em></strong></span> <span class='ocrx_word' id='word_1_334' title='bbox 1523 1838 1724 1875; x_wconf 79' lang='lat' dir='ltr'><strong><em>propugna-</em></strong></span> 
     </span>
     <span class='ocr_line' id='line_1_32' title="bbox 104 1870 1374 1922; baseline -0.008 -5"><span class='ocrx_word' id='word_1_335' title='bbox 104 1890 194 1917; x_wconf 80' lang='lat' dir='ltr'><strong><em>tores</em></strong></span> <span class='ocrx_word' id='word_1_336' title='bbox 216 1876 514 1922; x_wconf 85' lang='lat' dir='ltr'><strong><em>immarcescibilem</em></strong></span> <span class='ocrx_word' id='word_1_337' title='bbox 534 1876 697 1921; x_wconf 69' lang='lat' dir='ltr'><strong><em>martyrii</em></strong></span> <span class='ocrx_word' id='word_1_338' title='bbox 712 1884 860 1908; x_wconf 87' lang='lat' dir='ltr'><strong><em>coronam</em></strong></span> <span class='ocrx_word' id='word_1_339' title='bbox 875 1870 1092 1918; x_wconf 82' lang='lat' dir='ltr'><strong><em>proculdubio</em></strong></span> <span class='ocrx_word' id='word_1_340' title='bbox 1112 1873 1374 1920; x_wconf 81' lang='lat' dir='ltr'><strong><em>consequuturos.</em></strong></span> 
     </span>
    </p>

    <p class='ocr_par' dir='ltr' id='par_1_5' title="bbox 105 1919 1724 2066">
     <span class='ocr_line' id='line_1_33' title="bbox 255 1919 1724 1972; baseline -0.001 -11"><span class='ocrx_word' id='word_1_341' title='bbox 255 1926 458 1972; x_wconf 82' lang='lat' dir='ltr'><strong><em>Relpondeo</em></strong></span> <span class='ocrx_word' id='word_1_342' title='bbox 476 1926 611 1970; x_wconf 88' lang='lat' dir='ltr'><strong><em>primo,</em></strong></span> <span class='ocrx_word' id='word_1_343' title='bbox 641 1923 719 1957; x_wconf 74' lang='lat' dir='ltr'><strong><em>haec</em></strong></span> <span class='ocrx_word' id='word_1_344' title='bbox 738 1921 868 1956; x_wconf 79' lang='lat' dir='ltr'><strong><em>decreta</em></strong></span> <span class='ocrx_word' id='word_1_345' title='bbox 901 1921 1010 1965; x_wconf 82' lang='lat' dir='ltr'><strong><em>(quae</em></strong></span> <span class='ocrx_word' id='word_1_346' title='bbox 1038 1933 1106 1956; x_wconf 89' lang='lat' dir='ltr'><strong><em>non</em></strong></span> <span class='ocrx_word' id='word_1_347' title='bbox 1134 1923 1195 1956; x_wconf 91' lang='lat' dir='ltr'><strong><em>toti</em></strong></span> <span class='ocrx_word' id='word_1_348' title='bbox 1220 1919 1389 1961; x_wconf 84' lang='lat' dir='ltr'><strong><em>facultati,</em></strong></span> <span class='ocrx_word' id='word_1_349' title='bbox 1432 1919 1488 1956; x_wconf 90' lang='lat' dir='ltr'><strong><em>sed</em></strong></span> <span class='ocrx_word' id='word_1_350' title='bbox 1517 1922 1724 1967; x_wconf 83' lang='lat' dir='ltr'><strong><em>quibusdam</em></strong></span> 
     </span>
     <span class='ocr_line' id='line_1_34' title="bbox 105 1970 1722 2027; baseline -0.003 -14"><span class='ocrx_word' id='word_1_351' title='bbox 105 1978 250 2027; x_wconf 84' lang='lat' dir='ltr'><strong><em>privatis</em></strong></span> <span class='ocrx_word' id='word_1_352' title='bbox 270 1975 429 2011; x_wconf 74' lang='lat' dir='ltr'><strong><em>adscribit</em></strong></span> <span class='ocrx_word' id='word_1_353' title='bbox 455 1974 624 2008; x_wconf 82' lang='lat' dir='ltr'><strong><em>Thuanus</em></strong></span> <span class='ocrx_word' id='word_1_354' title='bbox 652 1971 797 2016; x_wconf 65' lang='lat' dir='ltr'><strong><em>diligens</em></strong></span> <span class='ocrx_word' id='word_1_355' title='bbox 824 1983 855 2005; x_wconf 84' lang='lat' dir='ltr'><strong><em>et</em></strong></span> <span class='ocrx_word' id='word_1_356' title='bbox 879 1981 1051 2005; x_wconf 86' lang='lat' dir='ltr'><strong><em>accuratus</em></strong></span> <span class='ocrx_word' id='word_1_357' title='bbox 1080 1970 1249 2017; x_wconf 88' lang='lat' dir='ltr'><strong><em>scriptor)</em></strong></span> <span class='ocrx_word' id='word_1_358' title='bbox 1284 1983 1302 2005; x_wconf 85' lang='lat' dir='ltr'><strong><em>a</em></strong></span> <span class='ocrx_word' id='word_1_359' title='bbox 1322 1970 1483 2005; x_wconf 79' lang='lat' dir='ltr'><strong><em>Eucherii</em></strong></span> <span class='ocrx_word' id='word_1_360' title='bbox 1510 1983 1541 2007; x_wconf 90' lang='lat' dir='ltr'><strong><em>et</em></strong></span> <span class='ocrx_word' id='word_1_361' title='bbox 1573 1973 1722 2010; x_wconf 79' lang='lat' dir='ltr'><strong><em>aliorum</em></strong></span> 
     </span>
     <span class='ocr_line' id='line_1_35' title="bbox 105 2018 1672 2066; baseline -0.005 -1"><span class='ocrx_word' id='word_1_362' title='bbox 105 2027 255 2065; x_wconf 71' lang='lat' dir='ltr'><strong><em>fafflone</em></strong></span> <span class='ocrx_word' id='word_1_363' title='bbox 283 2025 419 2060; x_wconf 85' lang='lat' dir='ltr'><strong><em>condita</em></strong></span> <span class='ocrx_word' id='word_1_364' title='bbox 445 2020 560 2063; x_wconf 82' lang='lat' dir='ltr'><strong><em>fuisse,</em></strong></span> <span class='ocrx_word' id='word_1_365' title='bbox 589 2032 658 2056; x_wconf 76' lang='lat' dir='ltr'><strong><em>non</em></strong></span> <span class='ocrx_word' id='word_1_366' title='bbox 681 2020 790 2055; x_wconf 81' lang='lat' dir='ltr'><strong><em>libero</em></strong></span> <span class='ocrx_word' id='word_1_367' title='bbox 817 2021 921 2055; x_wconf 85' lang='lat' dir='ltr'><strong><em>totius</em></strong></span> <span class='ocrx_word' id='word_1_368' title='bbox 940 2018 1110 2055; x_wconf 82' lang='lat' dir='ltr'><strong><em>facultatis</em></strong></span> <span class='ocrx_word' id='word_1_369' title='bbox 1137 2018 1326 2055; x_wconf 83' lang='lat' dir='ltr'><strong><em>Parifienfis</em></strong></span> <span class='ocrx_word' id='word_1_370' title='bbox 1354 2019 1482 2066; x_wconf 80' lang='lat' dir='ltr'><strong><em>judicio</em></strong></span> <span class='ocrx_word' id='word_1_371' title='bbox 1509 2021 1672 2057; x_wconf 64' lang='lat' dir='ltr'><strong><em>confesta.</em></strong></span> 
     </span>
    </p>

    <p class='ocr_par' dir='ltr' id='par_1_6' title="bbox 106 2068 1725 2303">
     <span class='ocr_line' id='line_1_36' title="bbox 225 2068 1724 2121; baseline -0.002 -11"><span class='ocrx_word' id='word_1_372' title='bbox 225 2074 228 2076; x_wconf 62' lang='grc'><strong>’</strong></span> <span class='ocrx_word' id='word_1_373' title='bbox 257 2074 461 2121; x_wconf 81' lang='lat' dir='ltr'><strong><em>Respondeo</em></strong></span> <span class='ocrx_word' id='word_1_374' title='bbox 485 2072 651 2112; x_wconf 88' lang='lat' dir='ltr'><strong><em>secundo,</em></strong></span> <span class='ocrx_word' id='word_1_375' title='bbox 684 2071 796 2117; x_wconf 79' lang='lat' dir='ltr'><strong><em>plures</em></strong></span> <span class='ocrx_word' id='word_1_376' title='bbox 822 2082 861 2104; x_wconf 85' lang='lat' dir='ltr'><strong><em>ex</em></strong></span> <span class='ocrx_word' id='word_1_377' title='bbox 887 2071 928 2105; x_wconf 83' lang='lat' dir='ltr'><strong><em>iis</em></strong></span> <span class='ocrx_word' id='word_1_378' title='bbox 951 2068 1171 2108; x_wconf 70' lang='lat' dir='ltr'><strong><em>dostoribus‚</em></strong></span> <span class='ocrx_word' id='word_1_379' title='bbox 1205 2071 1264 2115; x_wconf 89' lang='lat' dir='ltr'><strong><em>qui</em></strong></span> <span class='ocrx_word' id='word_1_380' title='bbox 1293 2069 1447 2111; x_wconf 75' lang='lat' dir='ltr'><strong><em>aderant,</em></strong></span> <span class='ocrx_word' id='word_1_381' title='bbox 1482 2070 1562 2106; x_wconf 77' lang='lat' dir='ltr'><strong><em>huic</em></strong></span> <span class='ocrx_word' id='word_1_382' title='bbox 1587 2071 1724 2108; x_wconf 79' lang='lat' dir='ltr'><strong><em>decreto</em></strong></span> 
     </span>
     <span class='ocr_line' id='line_1_37' title="bbox 107 2117 1721 2165; baseline -0.004 -3"><span class='ocrx_word' id='word_1_383' title='bbox 107 2139 177 2162; x_wconf 85' lang='lat' dir='ltr'><strong><em>non</em></strong></span> <span class='ocrx_word' id='word_1_384' title='bbox 198 2123 412 2165; x_wconf 80' lang='lat' dir='ltr'><strong><em>consenfiffe,</em></strong></span> <span class='ocrx_word' id='word_1_385' title='bbox 451 2134 489 2158; x_wconf 90' lang='lat' dir='ltr'><strong><em>ut</em></strong></span> <span class='ocrx_word' id='word_1_386' title='bbox 514 2121 604 2157; x_wconf 77' lang='lat' dir='ltr'><strong><em>testis</em></strong></span> <span class='ocrx_word' id='word_1_387' title='bbox 630 2120 674 2155; x_wconf 88' lang='lat' dir='ltr'><strong><em>est</em></strong></span> <span class='ocrx_word' id='word_1_388' title='bbox 699 2120 870 2155; x_wconf 82' lang='lat' dir='ltr'><strong><em>Thuanus</em></strong></span> <span class='ocrx_word' id='word_1_389' title='bbox 906 2117 964 2155; x_wconf 83' lang='lat' dir='ltr'><strong><em>lib.</em></strong></span> <span class='ocrx_word' id='word_1_390' title='bbox 994 2131 1051 2164; x_wconf 87' lang='lat'><strong><em>94.</em></strong></span> <span class='ocrx_word' id='word_1_391' title='bbox 1079 2119 1120 2154; x_wconf 83' lang='lat' dir='ltr'><strong><em>ad</em></strong></span> <span class='ocrx_word' id='word_1_392' title='bbox 1146 2131 1272 2154; x_wconf 81' lang='lat' dir='ltr'><strong><em>annum</em></strong></span> <span class='ocrx_word' id='word_1_393' title='bbox 1305 2126 1409 2163; x_wconf 79' lang='lat'>1589.</span> <span class='ocrx_word' id='word_1_394' title='bbox 1445 2120 1721 2165; x_wconf 72' lang='lat' dir='ltr'><strong><em>instrumentum,</em></strong></span> 
     </span>
     <span class='ocr_line' id='line_1_38' title="bbox 106 2168 1724 2223; baseline -0.004 -12"><span class='ocrx_word' id='word_1_395' title='bbox 106 2176 238 2221; x_wconf 80' lang='lat' dir='ltr'><strong><em>inquit,</em></strong></span> <span class='ocrx_word' id='word_1_396' title='bbox 262 2175 433 2223; x_wconf 82' lang='lat' dir='ltr'><strong><em>publicum</em></strong></span> <span class='ocrx_word' id='word_1_397' title='bbox 447 2185 485 2209; x_wconf 88' lang='lat' dir='ltr'><strong><em>ea</em></strong></span> <span class='ocrx_word' id='word_1_398' title='bbox 505 2172 545 2207; x_wconf 87' lang='lat' dir='ltr'><strong><em>de</em></strong></span> <span class='ocrx_word' id='word_1_399' title='bbox 563 2183 599 2207; x_wconf 90' lang='lat' dir='ltr'><strong><em>re</em></strong></span> <span class='ocrx_word' id='word_1_400' title='bbox 614 2171 796 2217; x_wconf 70' lang='lat' dir='ltr'><strong><em>confeHum</em></strong></span> <span class='ocrx_word' id='word_1_401' title='bbox 815 2179 847 2204; x_wconf 91' lang='lat' dir='ltr'><strong><em>et</em></strong></span> <span class='ocrx_word' id='word_1_402' title='bbox 861 2182 936 2203; x_wconf 83' lang='lat' dir='ltr'><strong><em>mox</em></strong></span> <span class='ocrx_word' id='word_1_403' title='bbox 955 2171 1045 2216; x_wconf 79' lang='lat' dir='ltr'><strong><em>typis</em></strong></span> <span class='ocrx_word' id='word_1_404' title='bbox 1059 2169 1252 2204; x_wconf 84' lang='lat' dir='ltr'><strong><em>mandatum</em></strong></span> <span class='ocrx_word' id='word_1_405' title='bbox 1261 2170 1314 2216; x_wconf 87' lang='lat' dir='ltr'><strong><em>est,</em></strong></span> <span class='ocrx_word' id='word_1_406' title='bbox 1341 2168 1430 2216; x_wconf 82' lang='lat' dir='ltr'><strong><em>quod</em></strong></span> <span class='ocrx_word' id='word_1_407' title='bbox 1443 2171 1479 2203; x_wconf 85' lang='lat' dir='ltr'><strong><em>in</em></strong></span> <span class='ocrx_word' id='word_1_408' title='bbox 1490 2169 1641 2205; x_wconf 86' lang='lat' dir='ltr'><strong><em>concordi</em></strong></span> <span class='ocrx_word' id='word_1_409' title='bbox 1656 2183 1724 2205; x_wconf 90' lang='lat' dir='ltr'><strong><em>om-</em></strong></span> 
     </span>
     <span class='ocr_line' id='line_1_39' title="bbox 108 2218 1725 2303; baseline -0.004 -41"><span class='ocrx_word' id='word_1_410' title='bbox 108 2228 201 2262; x_wconf 84' lang='lat' dir='ltr'><strong><em>nium</em></strong></span> <span class='ocrx_word' id='word_1_411' title='bbox 219 2225 370 2271; x_wconf 82' lang='lat' dir='ltr'><strong><em>consensu</em></strong></span> <span class='ocrx_word' id='word_1_412' title='bbox 393 2233 427 2260; x_wconf 90' lang='lat' dir='ltr'><strong><em>et</em></strong></span> <span class='ocrx_word' id='word_1_413' title='bbox 451 2225 583 2258; x_wconf 86' lang='lat' dir='ltr'><strong><em>nemine</em></strong></span> <span class='ocrx_word' id='word_1_414' title='bbox 607 2228 821 2269; x_wconf 79' lang='lat' dir='ltr'><strong><em>repugnante</em></strong></span> <span class='ocrx_word' id='word_1_415' title='bbox 845 2219 1011 2254; x_wconf 79' lang='lat' dir='ltr'><strong><em>decretum</em></strong></span> <span class='ocrx_word' id='word_1_416' title='bbox 1028 2218 1174 2260; x_wconf 80' lang='lat' dir='ltr'><strong><em>dicitur,</em></strong></span> <span class='ocrx_word' id='word_1_417' title='bbox 1202 2231 1271 2254; x_wconf 88' lang='lat' dir='ltr'><strong><em>cum</em></strong></span> <span class='ocrx_word' id='word_1_418' title='bbox 1295 2226 1409 2255; x_wconf 84' lang='lat' dir='ltr'><strong><em>tamen</em></strong></span> <span class='ocrx_word' id='word_1_419' title='bbox 1434 2218 1555 2266; x_wconf 77' lang='lat' dir='ltr'><strong><em>constet</em></strong></span> <span class='ocrx_word' id='word_1_420' title='bbox 1575 2221 1725 2303; x_wconf 60' lang='lat' dir='ltr'><strong><em>sedniores</em></strong></span> 
     </span>
    </p>

    <p class='ocr_par' dir='ltr' id='par_1_7' title="bbox 829 2270 1675 2306">
     <span class='ocr_line' id='line_1_40' title="bbox 829 2270 1675 2306; baseline 0.001 -3"><span class='ocrx_word' id='word_1_421' title='bbox 829 2270 866 2303; x_wconf 89' lang='lat' dir='ltr'>N</span> <span class='ocrx_word' id='word_1_422' title='bbox 894 2280 916 2302; x_wconf 92' lang='lat' dir='ltr'><strong><em>n</em></strong></span> <span class='ocrx_word' id='word_1_423' title='bbox 943 2280 966 2306; x_wconf 78' lang='lat' dir='ltr'>n</span> <span class='ocrx_word' id='word_1_424' title='bbox 1574 2280 1592 2302; x_wconf 85' lang='lat' dir='ltr'><strong><em>a</em></strong></span> <span class='ocrx_word' id='word_1_425' title='bbox 1620 2279 1675 2304; x_wconf 88' lang='lat' dir='ltr'><strong><em>eo-</em></strong></span> 
     </span>
    </p>
   </div>
  </div>
 </body>
</html>
