2022 2733
302 192 838 230 'DISSERTATIONES
875 192 1415 230 HISTORICAE.stsen1-.
1443 197 1524 230 v21.
1625 208 1698 241 419

225 284 443 333 Respondco,
463 282 627 319 carolum
645 284 818 317 Romanos
840 280 931 317 bello
950 293 1020 317 non
1038 280 1218 329 subjecisse,
1248 281 1302 317 sed
1315 295 1373 317 eos
1384 282 1475 319 ultro
1496 281 1608 329 ipsum
1632 283 1749 331 supre-

125 349 223 373 mum
242 333 414 383 agnovisse
435 334 634 372 dominum,
661 333 856 379 patritiatus
873 331 1073 377 dignitatem
1094 331 1155 378 ipfi
1174 330 1381 373 conceffiffe,
1418 346 1495 368 nam
1513 332 1592 369 licet
1609 334 1659 369 iili
1680 334 1750 371 suis

124 383 258 434 legibus
281 385 314 421 se
341 395 519 431 regerent,
546 382 702 428 suprema
724 393 834 417 tamen
861 381 1006 428 potestas
1028 394 1098 417 erat
1114 394 1218 428 penes
1241 383 1423 427 patricium
1442 394 1473 418 et
1491 383 1748 430 imperatorem.

127 437 195 475 Ad
212 437 249 472 id
266 449 358 477 vero,
387 433 481 479 quod
499 433 595 467 addit
613 432 849 469 Bellarminus,
868 431 1034 467 Carnium
1053 431 1115 466 fibi
1134 429 1265 479 parasse
1285 445 1390 478 regna
1410 433 1595 468 occidentis
1607 446 1676 469 non
1693 448 1749 470 au·

129 499 199 524 tem
222 487 427 533 imperium,
455 494 576 518 verum
593 480 650 523 est,
674 481 697 516 fi
716 481 856 527 imperii
874 483 1014 516 nomine
1037 481 1168 517 nudum
1186 483 1403 528 imperatoris
1424 495 1548 518 nomen
1566 484 1747 530 intelligas,

127 550 199 573 non
216 548 328 571 autem
346 534 369 569 fi
388 533 584 568 dominium
602 529 844 577 etpotestatem
861 532 896 564 in
913 542 1020 565 terras
1038 533 1188 577 imperii.
1241 531 1374 566 Deinde
1390 543 1468 567 cum
1486 533 1673 578 imperium
1690 546 1748 569 oc-

127 587 271 623 cidentis
299 583 453 633 jamtdiu
475 591 606 617 vacaret
631 579 850 623 divisumque
875 578 954 613 effer
976 580 1066 614 inter
1090 581 1218 615 multos
1235 581 1392 625 regulos,
1421 581 1512 615 haud
1530 580 1675 617 dubium
1692 583 1749 624 est,

128 638 215 683 quin
234 634 360 670 Carolo
373 632 507 667 debitus
523 628 629 664 fuerit
639 629 780 675 imperii
795 628 917 668 honos,
933 639 1012 663 cum
1027 640 1150 663 omnes
1160 628 1328 673 regiones,
1347 642 1431 674 quae
1446 631 1544 675 prius
1560 632 1749 676 imperium

127 684 334 723 occidentale
359 689 621 727 componerent,
640 678 700 713 fibi
719 675 916 724 subjecisset.
970 681 1131 712 Attamen
1150 677 1223 724 ipse
1242 689 1367 712 nomen
1382 677 1469 714 istud
1487 681 1752 726 imperatorium

125 735 188 772 fibi
207 747 277 770 non
292 732 475 778 arrogavit,
497 729 552 764 sed
570 728 690 764 maluit
706 727 793 762 illud
806 727 930 762 habere
947 739 965 762 a
985 728 1120 774 populo
1133 731 1291 764 Romano
1312 738 1344 763 et
1367 741 1386 763 a
1403 728 1566 775 pontifice
1585 742 1748 777 tanquam

126 797 198 822 uno
218 798 235 819 e
248 782 453 831 praecipuis
471 782 644 815 Romanae
661 778 807 812 civitatis
824 777 1040 823 proceribus

227 837 343 879 Urget
360 830 597 866 Bellarminus‚
616 838 717 872 atque
733 836 770 861 ut
786 826 913 872 probet
931 825 1095 862 Carnium
1113 824 1303 872 imperium
1321 825 1480 872 pontifici
1498 829 1560 863 uni
1574 838 1751 875 acceptum

128 882 251 924 tuliffe,
267 882 312 918 fic
331 880 564 917 ratiocinatur.
618 879 697 912 Cum
715 876 917 923 testamento,
944 877 1074 921 inquit,
1102 877 1280 922 imperium
1293 875 1384 918 filiis
1405 875 1579 924 divffiffet‚
1614 891 1682 914 rem
1700 889 1752 915 to-

125 944 196 972 tam
215 947 236 969 a
254 933 361 968 Leone
380 927 546 977 pontifice
571 926 768 969 confirmari
792 927 922 966 voluit,
949 935 988 962 ut
1011 938 1076 961 non
1087 925 1163 972 sine
1183 927 1253 971 ejus
1274 925 1446 970 consensu,
1473 939 1493 960 a
1509 939 1571 975 quo
1588 929 1677 964 illud
1697 942 1751 964 ac.

125 992 268 1032 ceperat,
297 982 475 1028 imperium
494 978 572 1013 aliis
590 976 730 1013 tradere
744 975 937 1011 videretur.
989 978 1035 1010 At
1054 985 1172 1010 contra
1188 975 1355 1009 Baronius
1372 974 1509 1020 prolato
1527 976 1642 1012 Caroli
1655 976 1750 1013 testa-

94 1044 97 1045 ’
126 1044 243 1070 mento
269 1030 394 1079 probat
419 1028 518 1064 ilium
545 1026 586 1061 de
612 1027 763 1072 imperio
790 1024 877 1059 nihil
906 1023 1123 1071 disposuisse,
1154 1035 1191 1059 ut
1218 1025 1384 1059 nimirum
1407 1025 1546 1070 imperii
1564 1038 1630 1073 pro
1648 1026 1749 1063 libito

126 1083 295 1122 tradendi,
315 1081 370 1116 cui
390 1078 499 1119 vellet,
529 1086 636 1112 totam
653 1088 753 1122 penes
774 1072 971 1121 pontificem
992 1075 1183 1110 ostenderet
1192 1072 1404 1120 potestatem,
1433 1074 1486 1109 sed
1505 1076 1608 1111 ambo
1624 1075 1750 1111 fallun-

126 1145 203 1173 tur,
231 1143 308 1166 nam
338 1142 373 1165 re
397 1140 475 1164 vera
501 1127 701 1173 principum
727 1125 869 1171 imperii
885 1122 1051 1160 consensu
1068 1124 1284 1159 Ludovicum
1303 1122 1504 1159 austeritate
1520 1127 1664 1172 propria
1681 1129 1749 1162 Au-

127 1181 264 1230 gustum
279 1178 481 1226 appellavit:
510 1177 634 1211 etenim
654 1176 760 1210 morti
777 1175 957 1221 proximus
979 1175 1194 1210 Ludovicum
1211 1172 1322 1208 filium
1337 1173 1593 1220 Aquisgranum
1603 1177 1749 1215 vocavit.

126 1233 243 1277 ibique
265 1228 485 1275 cougregatis
511 1224 698 1272 episcopis,
727 1224 924 1264 abbatibus,
955 1223 1099 1259 ducibus
1118 1235 1150 1258 et
1170 1223 1374 1263 comitibus,
1404 1223 1582 1268 quaesivit,
1616 1238 1658 1260 an
1676 1226 1749 1260 vei-

125 1283 198 1317 lent
219 1292 296 1316 eum
325 1279 571 1324 imperatorem
596 1275 702 1311 creari
717 1299 726 1312 ‚
753 1286 901 1319 cumque
926 1272 1133 1314 annuissent,
1162 1285 1240 1307 eum
1260 1274 1402 1319 imperii
1420 1275 1625 1319 participem
1645 1274 1749 1310 decla-

125 1333 233 1369 ravit,
259 1326 427 1377 juffirque,
449 1337 488 1360 ut
511 1336 676 1359 coronam
703 1323 800 1358 altari
816 1322 1013 1368 impofitam
1031 1322 1093 1358 suo
1119 1323 1222 1366 capiti
1246 1323 1539 1367 circumponeret:
1574 1323 1695 1359 iisdem
1712 1324 1748 1359 in

121 1379 270 1418 comitiis
287 1375 500 1412 Bernardum
517 1385 680 1420 nepotem
699 1373 816 1419 Pipini
832 1371 942 1407 filium
957 1384 1074 1420 regem
1094 1371 1208 1406 Italiae
1227 1370 1416 1413 declaravit,
1433 1372 1478 1407 ita
1497 1371 1630 1407 annales
1641 1375 1749 1409 Fran.

122 1441 245 1469 corum
271 1427 314 1463 ad
331 1439 408 1462 ann.
431 1432 513 1467 813.
1747 1459 1753 1461 ί

224 1481 345 1523 Itaque
369 1475 454 1511 adeo
479 1470 604 1507 falsum
632 1469 696 1511 est,
723 1471 887 1507 Carolum
904 1468 1097 1506 existimasse
1114 1469 1290 1516 pontificis
1309 1468 1419 1512 fuisse,
1438 1471 1492 1507 cui
1511 1470 1613 1507 vellet
1632 1472 1746 1518 impe.

127 1533 221 1568 rium
247 1527 462 1566 tradere,·ut
486 1534 526 1556 eo
544 1518 739 1555 inconsulto
762 1521 981 1555 Ludovicum
999 1522 1245 1565 imperatorem
1267 1532 1412 1561 crearet,
1443 1533 1543 1566 quem
1562 1519 1638 1568 post
1656 1521 1749 1557 bien-

129 1583 228 1616 nium
251 1577 383 1613 circiter
399 1576 469 1608 Leo
486 1573 550 1606 111.
575 1581 654 1605 cum
673 1567 751 1603 effet
766 1570 801 1603 in
819 1568 932 1603 Gallia
949 1568 1049 1603 fimul
1066 1580 1143 1604 cum
1161 1572 1282 1615 regina
1299 1571 1439 1605 Rhemis
1457 1573 1646 1606 coronavit.
1699 1574 1750 1607 Si.

101 1645 104 1649 “
126 1641 185 1666 cut
204 1638 317 1663 autem
335 1623 531 1660 Ludovicus
550 1619 735 1666 imperium
753 1631 770 1653 a
787 1629 883 1665 patre
901 1629 1091 1664 acceperat,
1119 1619 1165 1656 ita
1182 1619 1388 1654 Lotharium
1406 1632 1486 1655 natu
1500 1621 1668 1667 majorem
1684 1622 1750 1656 im-

127 1679 216 1729 perii
235 1677 363 1713 socium
380 1671 462 1708 fecit
479 1683 570 1707 anno
592 1678 630 1712 81
642 1681 672 1713 7.
691 1670 726 1702 in
744 1679 913 1703 conventu
935 1667 1200 1712 Aquisgranensi
1219 1669 1411 1705 inconsulto
1427 1668 1598 1715 pontifice,
1626 1678 1665 1704 ut
1680 1680 1749 1705 tra-

126 1731 214 1766 dunt
238 1723 460 1773 Eginhardus
487 1733 518 1757 et
538 1731 638 1756 autor
661 1718 817 1753 chronici
841 1714 1085 1757 Moffiacenfis‚
1113 1729 1151 1752 ac
1178 1719 1329 1752 moriens
1345 1717 1446 1754 mitiis
1465 1719 1507 1754 ad
1527 1731 1602 1754 eum
1620 1726 1749 1754 corona

124 1792 160 1816 et
177 1778 292 1826 gladio
302 1772 536 1820 imperialibus
554 1769 681 1806 socium
700 1770 941 1814 imperatorem
957 1766 1107 1811 reliquit.
1160 1768 1193 1801 Is
1206 1767 1418 1804 Ludovicum
1432 1767 1542 1804 filium
1561 1781 1652 1804 anno
1665 1775 1682 1808 8
1694 1781 1748 1813 5²·

126 1827 269 1876 imperii
297 1824 505 1872 participem
531 1819 641 1855 effecit
664 1829 695 1853 et
719 1818 856 1853 demum
876 1827 966 1852 anno
990 1823 1070 1860 855.
1088 1817 1256 1862 imperio,
1284 1818 1380 1862 quod
1403 1830 1456 1863 ις.
1471 1819 1568 1854 annis
1585 1829 1749 1860 tenuerat,

102 1887 108 1890 ²
126 1879 160 1916 se
185 1875 362 1914 abdicavit.
416 1872 469 1908 Ab
498 1869 561 1906 isto
587 1880 742 1915 tempore
756 1867 951 1902 Ludovicus
966 1867 1186 1912 imperatoris
1199 1879 1326 1902 nomen
1347 1879 1378 1903 et
1393 1867 1560 1903 honorem
1580 1880 1658 1903 cum
1679 1871 1748 1903 Ita-

102 1926 196 1965 'liae
211 1924 321 1973 regno
340 1923 491 1958 obtinuit
508 1932 618 1966 usque
633 1919 820 1954 ad-annum
843 1924 924 1961 875.
936 1941 944 1957 2
973 1927 1043 1961 quo
1061 1926 1212 1952 mortem
1230 1916 1326 1952 obiit.
1387 1920 1486 1952 Tum
1504 1917 1650 1953 Carolus
1669 1917 1749 1953 Cal-

126 1990 191 2014 vus
214 1974 382 2012 Ludovici
407 1972 458 2013 Pii
483 1982 591 2017 nepos
617 1968 746 2017 Italiam
771 1968 889 2002 invasit
915 1977 945 2001 et
963 1966 1151 2012 imperator
1169 1979 1237 2001 non
1257 1979 1275 2000 a
1294 1965 1364 2002 solo
1388 1969 1520 2014 Joarine
1536 1969 1633 2002 VIII.
1653 1965 1710 2002 sed
1729 1979 1749 2001 a

104 2038 109 2043 ·
127 2026 291 2066 Romanis
307 2021 468 2059 omnibus
486 2019 531 2055 est
550 2019 747 2055 declaratus.
800 2014 912 2051 Testis
932 2014 976 2050 est
991 2015 1061 2062 ipse
1077 2019 1224 2064 Joannes
1243 2019 1340 2053 VIII.
1358 2017 1394 2051 in
1412 2016 1560 2052 concilio
1570 2016 1746 2051 Ticinenfi

122 2079 183 2114 ‘his
206 2074 338 2115 verbis,
365 2073 527 2120 elegimus
556 2071 677 2106 merito
702 2077 736 2103 et
759 2065 1017 2114 approbavimus
1040 2078 1106 2101 una
1130 2079 1203 2102 tum
1221 2069 1342 2112 annisu
1359 2075 1393 2102 et
1411 2076 1487 2102 voto
1507 2069 1652 2102 omnium
1666 2069 1749 2112 fra-

129 2138 221 2165 trum
240 2135 274 2162 ετ
293 2123 545 2170 coepiscoporum
561 2119 744 2167 nostrorum
762 2126 863 2163 atque
878 2117 1018 2151 aliorum
1037 2115 1072 2150 S.
1094 2116 1137 2151 R.
1158 2116 1199 2152 E.
1219 2116 1444 2165 ministrorum
1471 2118 1638 2164 amplique
1651 2118 1746 2158 sena-

130 2185 186 2213 tus
202 2171 374 2224 ¹'totiusque
398 2171 543 2207 Romani
563 2169 682 2217 populi
705 2167 880 2216 gentisque
904 2173 1044 2213 togatae
1067 2174 1100 2201 et
1116 2165 1293 2211 secundum
1317 2168 1462 2212 przycam
1480 2164 1747 2210 consuetudinem

109 2235 113 2239 ’
123 2220 318 2273 solemniter
341 2221 388 2258 ad
409 2221 547 2268 imperii
553 2220 690 2266 sceptra
707 2218 926 2264 proveximus
948 2223 981 2250 et
998 2215 1179 2263 Augustali
1192 2218 1324 2254 ,nomine
1340 2214 1568 2250 decoravimus
1584 2222 1746 2264 ungentes

129 2287 203 2314 cum
217 2273 306 2321 oleos
323 2269 465 2320 ”Itaque
483 2281 555 2317 90¹²,
571 2267 663 2318 seius
681 2262 837 2317 pontifex
855 2263 1018 2350 Cargum
1035 2263 1180 2302 Calvum
1195 2265 1312 2314 elegit,
1347 2262 1408 2300 sed
1428 2276 1513 2302 unus
1529 2260 1597 2300 fuit
1615 2276 1632 2297 e
1647 2275 1747 2309 [πεκτ-Ι

923 2358 928 2359 ⁷
969 2326 991 2363 g
1000 2325 1024 2362 g
1052 2325 1074 2358 2⁴
1580 2324 1694 2361 clpuis
