1992 2739
306 224 354 260 73
629 206 702 244 DE
727 200 938 242 ANTIQ.
966 196 1252 233 ECCLESIAE
1288 195 1521 232 DISCIPL.

270 280 1875 320 mmmm

840 407 1204 466 CAPUT
1276 407 1309 458 1.

661 529 711 575 Iu
762 538 838 585 quo
871 522 1120 569 examinatur
1149 518 1310 579 quaestio
1355 517 1473 576 juris.

1025 654 1053 697 §.
1080 654 1107 688 Ι.

788 742 846 779 De
871 753 996 779 canone
1022 741 1158 777 concilii
1183 738 1341 774 Nicaeni.

259 856 441 953 Nullos
460 866 623 902 habemus
642 874 786 899 canones
803 861 1013 898 authenticos
1031 859 1194 898 Nicaenis
1212 856 1434 901 antiquiores.
1486 856 1535 889 Ex
1565 853 1618 888 his
1643 863 1750 888 canon
1780 851 1881 896 quin-

378 929 431 952 tus
451 915 495 950 est
512 916 551 949 de
570 914 777 962 judiciorum
795 910 927 950 forma,
956 912 996 946 ab
1013 912 1078 947 hoc
1101 907 1308 956 exponendo
1327 904 1523 941 ordiemur:
1550 905 1605 938 Sic
1623 914 1735 942 autem
1763 900 1796 935 se
1820 901 1880 934 ha-

263 971 338 1007 bet,
366 968 405 1002 de
424 967 495 1002 llis,
522 967 579 1012 qui
602 964 821 997 communione
835 964 1025 1007 privantur
1039 985 1049 998 ,
1070 962 1132 1005 seu
1148 970 1188 993 ex
1210 959 1315 992 clero,
1337 957 1398 1000 seu
1414 967 1454 989 ex
1473 955 1555 988 laico
1573 952 1691 988 ordine
1709 950 1749 986 ab
1761 951 1881 997 episco-

262 1021 316 1065 pis
336 1028 396 1063 per
415 1022 670 1060 unamquamque
686 1013 917 1057 provinciam,
954 1011 1130 1054 sententia
1155 1006 1327 1052 regularis
1353 1003 1521 1038 obtineat,
1556 1010 1594 1036 ut
1620 1002 1672 1040 hi,
1709 1002 1767 1048 qui
1791 999 1882 1045 abji-

262 1069 403 1102 ciuntur
415 1090 422 1103 ‚
467 1062 508 1097 ab
525 1062 602 1094 aliis
619 1071 686 1094 non
707 1060 931 1103 recipiantur.
952 1058 1298 1104 Requiratur,autem
1320 1063 1359 1086 ne
1373 1051 1656 1098 pusillanimitate,
1670 1057 1730 1084 aut
1752 1057 1882 1083 conten·

263 1119 353 1151 tione
365 1139 372 1153 ,
399 1121 459 1148 aut
475 1112 543 1145 alio
563 1106 709 1157 quolibet
728 1108 872 1153 eszcopi
890 1107 978 1141 vitio
996 1105 1158 1140 videatur
1175 1116 1195 1138 a
1211 1104 1474 1150 congregatione
1484 1100 1640 1144 seclusus.
1697 1098 1742 1133 Ut
1761 1099 1819 1133 lwc
1828 1108 1882 1132 et·-

261 1178 308 1213 go
325 1163 494 1199 decentius
514 1161 732 1206 inquiratur,
756 1157 889 1202 plaaait
901 1167 967 1201 per
983 1163 1242 1201 unamquamque
1256 1152 1470 1196 provinciam
1496 1148 1544 1183 bis
1570 1151 1607 1182 in
1635 1161 1720 1184 anno
1746 1147 1882 1182 concilia

264 1212 429 1248 celebrari
439 1235 446 1249 ‚
472 1218 511 1243 ut
527 1207 743 1242 communiter
759 1204 1011 1248 omnibusfimul
1035 1204 1196 1248 episcopis
1214 1200 1432 1245 cougregatis
1447 1199 1664 1243 provinciae,
1699 1197 1882 1241 dismtian-

268 1272 327 1296 tur
346 1256 535 1306 hujusmodi
552 1253 767 1301 quaestiones,
795 1260 829 1285 et
836 1251 900 1296 fic,
927 1253 984 1298 qui
999 1252 1053 1292 suo
1068 1255 1294 1296 peccaverunt
1310 1245 1488 1280 evidenter
1512 1246 1678 1291 epzscopo,
1705 1256 1883 1280 excommu-

267 1311 375 1345 nicati
391 1302 643 1340 rationabiliter
660 1300 700 1334 ab
719 1298 868 1334 omnibus
886 1299 1110 1344 aestimentur.
1166 1296 1337 1343 Usquequo
1357 1295 1410 1328 vel
1427 1297 1464 1328 in
1479 1297 1653 1331 communi,
1682 1295 1737 1328 vel
1759 1294 1882 1339 episco-

267 1372 309 1406 po
335 1359 464 1402 placeat
490 1353 710 1398 lzufflaniorem
741 1361 803 1395 pro
831 1347 957 1383 talibus
976 1351 1080 1394 ferre
1095 1347 1307 1392 senteutiam.
1369 1344 1514 1377 concilia
1541 1354 1619 1376 vero
1646 1341 1882 1379 celebrentur,

267 1420 366 1443 unum
384 1403 513 1451 quidem
531 1399 610 1435 dnte
626 1397 908 1446 quadragesimam
921 1399 1070 1443 paftlzae,
1098 1405 1135 1431 ut
1155 1392 1445 1437 omnidtssenfione
1457 1389 1592 1434 sublata
1618 1403 1736 1425 munus
1759 1390 1882 1435 qffera-

268 1467 329 1494 tur
346 1454 418 1489 Deo
435 1450 656 1498 pursffimum‚
677 1448 854 1492 secundum
873 1458 952 1480 vero
969 1449 1056 1482 circa
1075 1455 1205 1490 tempus
1223 1443 1385 1475 autumni.
1424 1441 1503 1473 Hoc
1526 1439 1559 1473 in
1572 1451 1698 1474 canone
1714 1439 1882 1486 judicium

271 1515 373 1541 omne
394 1500 612 1535 definitivum
629 1495 796 1544 episcopis
813 1497 1010 1543 provinciae
1029 1492 1277 1530 committitur,
1304 1487 1371 1523 fine
1394 1488 1464 1524 ullo
1482 1488 1640 1531 recursu,
1669 1500 1726 1524 aut
1750 1500 1880 1537 provo·
1924 1521 1927 1531 γ

268 1564 405 1590 canone,

417 1595 633 1644 Respondent
651 1595 755 1640 vulgo
776 1594 830 1630 hic
847 1594 903 1640 agi
921 1594 960 1628 de
981 1593 1154 1626 minorum
1175 1589 1376 1623 clericorum
1395 1588 1429 1622 in
1451 1586 1551 1623 causis
1571 1586 1808 1623 criminalibus
1823 1587 1879 1634 ju-

268 1653 374 1692 dicio,
406 1662 475 1684 non
494 1648 533 1682 de
550 1644 788 1692 episcoporum
808 1641 1093 1679 damnationibus,
1146 1639 1255 1686 quue
1275 1635 1351 1684 post
1377 1637 1461 1672 alios
1487 1636 1641 1673 adfirmat
1668 1636 1878 1673 Christianus

269 1707 387 1750 Lupus
407 1711 480 1745 cap.
510 1709 564 1732 12.

419 1752 464 1785 At
485 1744 656 1793 responsio
675 1742 733 1778 ista
754 1742 848 1777 nullo
865 1740 1003 1786 negotio
1023 1736 1201 1785 disjicitur.
1255 1735 1372 1770 Primo
1391 1736 1480 1770 enim
1499 1734 1626 1771 etiamsi
1648 1735 1804 1776 daretur,
1821 1735 1878 1772 hic

269 1811 400 1836 tantum
418 1796 622 1832 nominatim
641 1794 847 1828 mentionem
864 1789 935 1825 fieri
955 1791 994 1825 de
1016 1788 1151 1834 judiciis
1169 1784 1452 1833 presbyterorum
1474 1797 1506 1821 et
1526 1787 1773 1824 diaconorum,
1799 1787 1875 1832 quis

270 1863 341 1885 non
363 1862 401 1882 ex
419 1847 470 1881 his
490 1844 666 1890 intelligat,
683 1842 836 1878 cumdem
855 1841 941 1875 circa
958 1838 1195 1885 episcoporum
1212 1834 1334 1883 judicia
1352 1847 1486 1870 morem
1504 1834 1618 1871 fuiffe:
1645 1847 1723 1870 nam
1740 1834 1764 1870 fi
1793 1847 1879 1880 quae
1923 1842 1931 1851 ‘

270 1899 411 1934 illorum
428 1892 538 1931 fuisset
555 1892 807 1941 praerogativa,
834 1889 856 1924 ss
886 1902 970 1934 quae
989 1888 1171 1935 peculiaris
1191 1885 1232 1920 ad
1250 1897 1306 1919 eos
1326 1884 1524 1931 judicandos
1542 1882 1655 1920 forma
1672 1885 1707 1919 in
1724 1883 1786 1920 usu
1796 1883 1879 1920 fuis-

271 1948 337 1988 set,
366 1959 479 1981 nonne
495 1944 679 1980 concilium
699 1941 891 1977 Nicaenum
908 1937 1020 1973 casum
1038 1938 1128 1972 hunc
1145 1938 1179 1971 in
1195 1933 1254 1971 suo
1265 1946 1391 1968 canone
1402 1936 1551 1980 excipere
1560 1932 1747 1969 debuisset?
1774 1936 1878 1969 Dein-

273 1998 313 2033 de
348 2008 454 2031 canon
486 2006 554 2027 non
586 1991 692 2027 modo
713 1991 797 2025 larus
831 1986 876 2023 est
901 1990 942 2023 de
975 1987 1103 2034 judicio
1137 1986 1234 2021 unius
1264 1982 1415 2029 episcopi
1451 1986 1486 2018 in
1524 1985 1683 2019 clericum
1721 1994 1779 2019 aut
1815 1983 1877 2019 lai-

269 2058 368 2087 cum,
397 2043 452 2079 sed
480 2044 582 2076 etiam
608 2039 815 2086 generalium
842 2037 883 2071 de
904 2036 1035 2084 judicio
1072 2036 1222 2083 plurium
1250 2031 1494 2079 episcoporum
1521 2035 1556 2069 in
1586 2032 1783 2079 quemlibet.
1818 2033 1876 2070 De

270 2098 342 2133 his,
393 2096 450 2142 qui
469 2093 690 2127 communione
712 2090 908 2135 privantnn
926 2085 966 2122 ab
992 2087 1148 2134 episcopis
1160 2095 1227 2131 per
1242 2095 1501 2131 unamquamque
1525 2085 1753 2131 provinciam,
1801 2094 1873 2117 non

275 2145 358 2180 dicit
376 2143 418 2179 ab
445 2140 605 2187 episcopo
624 2151 685 2185 per
696 2148 969 2181 unamquamque
987 2136 1178 2182 paroeciam
1192 2159 1200 2175 ‚
1253 2131 1324 2173 seu,
1364 2144 1414 2168 vut
1432 2144 1521 2167 nunc
1541 2133 1746 2178 loquuntur,
1782 2131 1877 2167 dioe-

272 2192 380 2230 cesim.
431 2189 597 2228 Additur,
624 2197 663 2224 ut
681 2190 741 2236 qui
757 2186 966 2233 abjiciuntur
984 2184 1026 2221 ab
1041 2187 1134 2225 aliis,
1161 2195 1229 2219 non
1247 2184 1473 2229 recipiantur,
1501 2195 1571 2218 non
1590 2193 1721 2222 autem,
1749 2188 1789 2216 ut
1815 2184 1878 2228 qui

271 2243 485 2292 abjiciuntur
500 2239 540 2277 ab
559 2251 622 2276 uno
647 2238 815 2286 episcopo,
842 2235 882 2272 ab
901 2237 979 2275 aliis
997 2246 1063 2272 non
1083 2235 1313 2282 recipiantum
1345 2243 1382 2268 ac
1404 2232 1555 2279 proinde
1578 2231 1875 2314 loquiturhconci.

1767 2290 1826 2316 um
