1992 2739
312 206 378 227 ιω
529 192 604 227 DE
630 191 900 235 ANTIQVA
925 188 1233 225 ECCLESIAE
1258 188 1591 224 DISCIPLINA

259 281 343 319 sent,
363 292 418 316 eos
437 291 505 315 non
526 277 588 313 esse
607 278 742 314 concilii
760 275 1178 322 Nicaeniadpellationes,
1207 289 1276 311 non
1295 275 1402 310 solum
1420 275 1621 310 clericorum
1641 273 1873 315 inferiorum.

258 330 316 366 sed
336 342 366 364 et
385 329 622 375 episcoporum
644 328 677 362 iu
695 324 808 362 Africa
834 327 1071 361 damnatorum
1097 326 1137 360 ad
1163 325 1273 361 sedem
1301 324 1519 370 apostolicam
1546 324 1638 360 ferre
1665 325 1869 366 noluerunt,

257 379 505 427 pristinamque
523 376 801 414 consuetudmem
818 376 912 410 suam
931 375 1166 412 retinuerunt.
1215 387 1252 410 ut
1278 373 1392 408 causae
1420 373 1661 420 episcoporum
1687 375 1727 408 ad
1746 376 1874 420 prima-

256 442 326 467 tem
339 453 348 466 ‚
375 432 440 462 hoc
460 427 507 462 est
524 427 847 474 metropolitanum,
877 437 909 459 et
927 426 1122 471 provinciae
1143 423 1330 470 synodum,
1360 423 1415 458 seu
1432 424 1471 456 ad
1491 422 1676 458 universale
1687 423 1871 459 concilium

257 477 490 518 deferrentur,
518 478 664 512 maxime
683 476 843 521 inquiunt
859 473 1023 511 Africani
1043 472 1195 520 episcopi
1213 476 1247 508 in
1272 471 1410 518 epistola
1435 472 1476 506 ad
1502 472 1747 513 Coelestinum,
1789 475 1872 521 quia

255 530 434 574 unicuique
450 526 624 573 conceſj'um
646 526 736 572 est,st
754 525 888 571 judicio
905 524 1047 570 offensus
1065 527 1175 569 fuerit
1195 526 1402 572 cognitorum
1419 522 1465 556 ad
1480 524 1621 557 concilia
1637 523 1719 567 suae
1734 524 1874 568 provin·

258 580 347 617 ciae,
377 578 548 611 ueletiam
570 576 762 620 universale
778 585 971 619 provocare.
1026 571 1224 608 Universale
1248 571 1429 607 concilium
1457 571 1547 617 apud
1574 570 1708 608 Afros,
1744 571 1871 607 dicitur

256 624 443 661 conmlium
464 624 560 661 illud,
579 624 672 668 quod
693 636 731 657 ex
754 621 911 657 universa
935 620 1075 657 dioecesi
1090 621 1256 658 Africana
1275 620 1458 656 conflatum
1481 620 1542 659 est,
1571 620 1736 668 ejusmod'
1759 621 1872 656 conci.

255 676 303 711 lia
323 673 420 720 saepe
442 673 696 709 celebrabantur
713 672 803 718 apud
824 669 960 712 Afros,
986 672 1080 717 apud
1099 684 1186 715 quos
1205 668 1478 715 Carthaginenfis
1494 671 1624 715 primas
1644 682 1696 704 ma
1766 681 1799 704 m
1812 669 1872 705 ob·

256 724 386 760 tinebat
401 724 631 759 autoritatem.
683 722 846 757 Liberum
872 733 981 766 porro
1007 720 1144 755 videtur
1173 719 1271 755 fuisse
1296 719 1517 766 episcopum,
1553 719 1605 753 vel
1631 719 1671 752 ad
1699 718 1873 767 synodum

255 773 472 821 provinciae,
499 771 552 807 vel
570 772 609 807 ad
629 770 799 819 synodum
829 772 914 804 hanc
939 768 1163 804 universalem
1185 767 1337 807 deferre,
1373 769 1527 814 quamvis
1557 768 1728 803 ordinarie
1753 769 1871 814 primo

256 823 298 859 nd
322 823 525 869 primatum,
553 822 619 856 hoc
645 820 688 855 est
715 821 758 855 ad
782 819 1088 865 metropolitanum
1112 817 1323 859 deferretur,
1355 831 1394 853 ac
1421 817 1542 852 deinde
1566 816 1589 852 si
1611 816 1718 852 adesse
1743 816 1871 858 nollet,

255 873 298 908 ad
315 872 484 920 synodum
504 870 745 911 universalem3
797 869 900 916 hujus
927 869 976 905 rei
997 866 1098 903 fidem
1121 867 1201 903 facit
1216 881 1324 903 canon
1349 881 1403 912 ¹9·
1419 867 1546 902 codicis
1555 866 1730 907 Afmcani,
1749 868 1807 912 qui
1826 865 1872 901 sie

254 921 374 957 babet:
407 923 568 957 Aurelius
595 923 766 967 episcopus
784 919 884 959 dixit,
902 920 1048 966 quisquis
1059 918 1280 964 epifioporum
1298 917 1496 962 adcusatur,
1524 916 1570 951 ad
1586 918 1763 963 primatem
1773 915 1874 963 ipsiu!

253 973 449 1019 provinciae
469 971 595 1014 causam
613 968 750 1014 deferat
768 967 960 1012 adcusator,
988 978 1047 1001 nec
1064 978 1086 1000 a
1104 969 1321 1000 communione
1328 965 1570 1011 suspendatur,
1589 967 1645 999 cui
1663 968 1790 1000 crimen
1819 967 1873 999 in-

254 1020 431 1059 tenditur,
458 1018 517 1064 nisi
536 1017 581 1052 ad
599 1019 729 1061 causam
741 1017 838 1060 suam
853 1014 1031 1050 dicendam
1051 1015 1227 1048 eleHorum
1237 1014 1391 1059 judicum
1420 1013 1476 1048 die
1484 1013 1616 1059 statuta
1638 1014 1768 1047 litteris
1797 1025 1873 1048 evo-

255 1077 345 1103 catus
363 1069 497 1101 minime
517 1068 719 1105 occurrerit,
746 1065 806 1099 hoc
823 1063 865 1110 est
885 1065 987 1108 infra
999 1065 1150 1109 spatium
1170 1063 1280 1109 menfis
1296 1074 1339 1097 ex
1359 1073 1397 1096 ea
1416 1062 1480 1101 die,
1500 1059 1565 1109 quiz
1582 1073 1655 1096 eum
1671 1062 1808 1096 litteras
1823 1073 1874 1096 ac-

253 1117 374 1165 cepzffe
391 1115 596 1162 constiterit,
620 1112 749 1162 quodsi
766 1114 896 1160 aliquas
913 1124 1012 1147 veras
1025 1111 1219 1159 neceffitatis
1234 1112 1345 1157 causas
1361 1109 1574 1157 probaverit,
1600 1109 1716 1158 quibus
1735 1123 1805 1146 eum
1824 1123 1873 1145 oc·

254 1177 394 1202 currere
413 1178 477 1201 non
488 1164 635 1212 potuzffe
651 1162 934 1209 mamfestumstt,
960 1161 1076 1207 causae
1103 1160 1267 1195 dicendae
1290 1164 1388 1196 intra
1412 1161 1555 1196 alterum
1587 1161 1722 1204 mensem
1751 1159 1873 1195 habeat

247 1217 473 1263 facultatem,
499 1225 615 1247 verum
634 1212 768 1247 tamdiu
785 1212 852 1257 post
869 1212 1005 1254 mensem
1027 1209 1203 1251 secundum
1222 1221 1287 1244 non
1313 1211 1546 1248 communicet,
1565 1208 1665 1243 donec
1679 1218 1873 1255 purgetur.

247 1266 277 1311 fi
295 1273 403 1298 autem
421 1262 467 1296 ad
486 1262 657 1296 concilium
677 1260 948 1303 anniversarium
966 1268 1142 1292 occurrere
1159 1258 1307 1291 noluerit
1321 1282 1329 1296 ‚
1354 1265 1393 1290 ut
1409 1258 1464 1291 vel
1482 1255 1531 1290 ibi
1547 1258 1642 1301 causa
1666 1259 1738 1302 ejus
1756 1260 1874 1292 termi-

255 1322 380 1351 netur,
406 1312 475 1357 ipse
494 1313 531 1344 in
542 1311 578 1353 Je
600 1308 821 1343 damnationis
834 1307 1043 1351 sententiam
1060 1304 1180 1351 dixiffi·
1191 1305 1383 1350 judicetur.
1438 1306 1510 1339 Hic
1527 1316 1633 1340 canon
1661 1304 1807 1339 sancitus
1827 1305 1874 1342 est

256 1363 293 1398 in
313 1358 493 1395 universali
511 1357 655 1392 concilio
674 1353 819 1392 Africae
835 1367 927 1390 anno
945 1365 1032 1398 419.
1050 1353 1255 1398 Carthagine
1272 1352 1389 1388 habito
1406 1352 1657 1388 confidentibus
1678 1354 1714 1387 in
1732 1366 1769 1388 ea
1788 1366 1871 1398 217.

259 1409 442 1458 episcopis,
495 1410 612 1442 Canon
633 1405 774 1450 sequens
795 1402 840 1439 est
858 1404 898 1438 de
914 1402 1126 1451 presbyteris
1144 1402 1196 1437 vel
1214 1402 1361 1442 cleneis,
1397 1402 1420 1436 li
1441 1410 1550 1436 autem
1574 1401 1784 1449 presbyteri,
1818 1403 1875 1439 vel

258 1462 393 1497 diaconi
402 1461 554 1504 fuerunt
572 1456 745 1500 adculatz,
771 1454 941 1500 adjunfiis
949 1452 1016 1500 sibi
1034 1465 1074 1487 ex
1092 1454 1214 1486 vicinis
1230 1452 1322 1490 locis,
1348 1462 1418 1485 cum
1432 1453 1574 1497 proprio
1593 1452 1740 1498 episcopo
1751 1451 1874 1501 legin·-

254 1524 304 1547 mo
314 1520 448 1545 numero
463 1509 680 1555 collegarum,
698 1518 775 1553 quos
792 1504 833 1539 ab
854 1503 964 1539 eodem
983 1502 1135 1545 adcusati
1142 1502 1326 1545 petierint,
1353 1498 1391 1534 id
1412 1499 1456 1545 est
1472 1512 1540 1535 una
1551 1503 1662 1544 secum
1683 1503 1721 1536 in
1735 1501 1874 1549 presby-

258 1563 328 1598 teri
344 1560 474 1594 nomine
491 1558 565 1598 fex,
593 1559 630 1590 in
646 1554 780 1590 diaconi
799 1564 886 1593 tres,
915 1554 1061 1598 ipsorum
1078 1551 1205 1593 causam
1224 1548 1432 1594 descutiant‚
1459 1548 1572 1584 eadem
1588 1549 1721 1584 dierum
1739 1558 1773 1584 et
1787 1549 1873 1585 dila-

257 1613 403 1647 tionum,
435 1616 467 1640 et
485 1619 504 1640 a
524 1608 746 1640 communione
766 1605 984 1638 remotionum
993 1602 1111 1645 forma
1120 1599 1281 1644 servata,
1318 1599 1520 1646 reliquorum
1543 1607 1652 1634 autem
1678 1600 1872 1635 clericorum

258 1664 370 1696 caulas
393 1660 493 1691 etiam
507 1656 596 1700 solus
615 1656 783 1700 episcopus
803 1654 865 1686 loci
883 1650 1070 1697 cognoscat,
1098 1657 1130 1682 et
1152 1646 1263 1688 finiat.
1317 1649 1434 1682 Canon
1453 1648 1535 1682 item
1551 1655 1607 1686 28.
1626 1645 1667 1682 ab
1687 1647 1800 1682 eadem
1820 1646 1872 1696 sy-

258 1697 352 1743 ηοᾶο
367 1703 524 1741 conditus
545 1703 586 1738 sse
604 1702 636 1738 se
652 1703 768 1741 habet,
796 1705 875 1736 item
888 1700 1029 1745 placuit,
1049 1705 1088 1732 ut
1107 1696 1237 1731 diaconi
1257 1705 1289 1730 et
1302 1695 1521 1744 presbyteri:
1549 1698 1606 1731 vel
1631 1699 1754 1732 caeteri
1779 1701 1871 1744 infe-

260 1761 364 1794 riores
384 1757 497 1791 clerici
518 1757 555 1789 in
572 1753 678 1799 causis,
690 1765 770 1801 quas
786 1749 986 1788 habuerint,
1002 1747 1032 1793 ſs
1049 1745 1239 1792 dejudiciis
1255 1747 1481 1791 eptsceporum
1498 1746 1601 1793 questi
1617 1749 1780 1792 fuerint,
1819 1750 1872 1781 vi·

262 1810 329 1843 cini
349 1807 557 1852 episcopi-eos
577 1816 643 1838 cum
660 1803 808 1846 consensu
822 1801 879 1844 sui
896 1798 1041 1844 episcopi
1059 1795 1221 1831 audiant,
1248 1803 1282 1829 et
1299 1798 1391 1829 inter
1408 1806 1458 1829 eos
1475 1794 1645 1838 definiant
1661 1794 1811 1830 adhibiti
1827 1794 1870 1831 ab

258 1860 305 1892 eis
322 1857 482 1901 episcopi,
509 1851 635 1901 quodfi
653 1851 691 1886 ab
712 1854 758 1886 eis
778 1846 1028 1896 provocandum
1049 1846 1267 1892 putaverint,
1297 1856 1361 1878 non
1375 1853 1559 1890 provocent
1577 1844 1623 1879 ad
1639 1845 1871 1889 transmarina

253 1905 405 1952 judicia,
427 1903 488 1948 sed
507 1903 551 1937 ad
572 1905 733 1949 primates
746 1903 885 1945 suarum
902 1898 1154 1943 provinciarum
1172 1902 1230 1928 aut
1249 1893 1294 1927 ad
1310 1895 1503 1937 universale
1521 1895 1710 1934 concilium,
1733 1893 1821 1940 ficut
1837 1902 1871 1928 et
1911 1913 1913 1915 ·

261 1955 303 1990 de
322 1954 482 2000 episcopis
494 1956 595 1998 saepe
613 1951 820 1997 constitutum
838 1947 898 1993 est,
925 1945 970 1979 ad
988 1945 1215 1988 transmarina
1231 1952 1340 1976 autem
1359 1945 1417 1990 qui
1423 1946 1604 1989 putaverit
1621 1942 1872 1989 adpellandum,

261 2017 280 2039 a
299 2005 392 2039 nullo
413 2005 508 2036 intra
523 2002 682 2046 Africam
700 2002 737 2033 in
754 1997 1003 2033 communionem
1022 1994 1233 2040 suscipiatur.
1288 1992 1356 2026 Hic
1372 2004 1482 2038 porro
1501 2004 1608 2027 canon
1626 1988 1672 2026 est
1688 1990 1873 2037 vigesimus

261 2052 427 2088 secundus
447 2051 534 2083 inter
551 2061 621 2090 eost,
639 2049 698 2092 qui
715 2046 919 2082 Milevitano
939 2049 1118 2089 perperam
1138 2040 1351 2081 tribuuntur,
1379 2040 1457 2076 sunt
1483 2053 1593 2076 autem
1615 2053 1733 2076 revera
1758 2041 1873 2077 conci-

261 2103 327 2139 cilii
346 2098 618 2144 Carthaginensis
637 2097 716 2132 anni
735 2103 831 2139 413„
848 2105 886 2128 ut
907 2105 998 2139 patet
1018 2105 1055 2127 ex
1077 2103 1203 2127 canone
1226 2098 1304 2130 108.
1335 2101 1367 2125 et
1396 2103 1473 2135 ¹25·
1490 2090 1590 2138 hujus
1612 2090 1749 2126 codicis.
1806 2092 1875 2124 ve.

263 2165 342 2187 rum
361 2152 396 2185 in
415 2148 475 2184 isto
494 2148 639 2183 concilio
663 2147 711 2180 lex
729 2146 770 2180 ad
787 2143 1031 2190 episcoporum
1059 2152 1194 2192 quoque
1219 2139 1330 2175 causas
1355 2140 1565 2180 extenditur,
1595 2151 1810 2184 verarurque,
1829 2151 1872 2174 ne

264 2201 325 2247 ipfi
345 2209 536 2246 provocent
557 2197 599 2232 ad
616 2195 834 2231 transmarina
852 2193 1010 2232 concilia,
1037 2191 1101 2225 hoc
1116 2188 1161 2224 est
1182 2190 1220 2223 ad
1243 2193 1434 2225 Romanum
1451 2187 1668 2235 pontificem,
1695 2200 1727 2223 et
1743 2187 1784 2222 ad
1805 2190 1873 2222 Ita-

265 2252 327 2287 liac
345 2247 534 2297 episcopos,
587 2244 779 2283 Clausulam
803 2241 916 2285 istam,
960 2242 1049 2291 ficut
1073 2248 1111 2289 et
1133 2239 1173 2275 de
1191 2240 1345 2288 episcopis
1352 2239 1452 2287 saepe
1468 2237 1679 2286 constitutum
1701 2237 1766 2291 est..
1793 2237 1874 2286 reji2

1728 2296 1823 2324 munt

1910 2300 1923 2321 q
