1992 2739
342 204 387 240 35

288 285 440 334 postulet
459 283 554 321 suum
583 285 760 331 negotium
787 283 903 319 rursus
939 282 1077 323 audiri,

284 349 324 373 -tt
340 338 382 372 ad
399 338 468 382 ejus
489 334 774 381 supplicationem
791 336 989 368 Romanum
1010 334 1077 378 epi-

286 386 431 431 scopum
450 397 586 420 movere
607 383 717 419 visum
734 382 859 423 fuerit,
897 395 934 418 ut
954 395 970 416 e
995 394 1077 427 pro-

285 438 367 482 prio
386 435 489 469 latere
506 433 725 481 presbyteros
747 435 872 473 mittat,
899 431 939 466 {it
962 433 996 465 in
1015 443 1079 478 po-

291 482 407 519 testate
425 484 528 530 ipsius
548 483 604 522 id,
633 482 727 527 quod
754 481 802 515 illi
827 482 1013 527 placuerit,
1043 491 1074 515 et

287 534 311 569 fi
334 534 520 568 decreverit
538 534 714 567 Romanus
731 529 911 577 episcopus
940 530 1074 574 aliquos

292 594 456 628 oportere
481 582 573 615 mitti
594 606 602 621 ‚
638 581 696 625 qui
716 592 792 613 cum
818 578 987 625 episcopis
1009 578 1075 613 fint

289 631 490 679 judicaturi,
520 629 681 664 habentes
700 630 915 663 autoritatem
934 629 1005 674 ejus
1023 653 1031 667 ‚
1056 640 1075 662 a

289 693 361 726 quo
379 679 463 713 miffi
484 679 578 719 sunt,
608 690 639 712 et
658 679 721 713 hoc
738 677 937 722 ponendum
957 675 1019 713 est,
1049 675 1072 710 fi

289 742 403 765 autem
423 726 787 768 sufficere‚crediderit
811 726 852 760 ad
880 727 930 760 rei
957 726 1074 770 cogni-

288 779 418 815 tionem
436 776 588 825 episcopi
600 777 687 822 (lege
705 778 930 822 episcoporum
949 773 1074 808 senten-

288 829 386 875 tiam)
425 825 543 866 faciet,
583 825 677 870 quod
711 822 974 870 prudentiffimo
1004 823 1075 869 ejus

667 198 742 232 ‘DE
769 198 972 240 ANTIQ.
998 198 1285 234 'ECC'LES‘IAE
1313 197 1545 235 Di‘scn’L.

1112 285 1138 331 fi
1157 288 1202 325 it,
1230 288 1288 333 qui
1308 295 1408 334 rogat
1421 287 1516 330 suam
1539 287 1665 330 causam
1691 289 1814 321 iterum
1843 298 1907 322 au·

1116 335 1208 373 diri,
1229 335 1539 380 deprecarionesua
1558 339 1700 370 moveri-t
1718 337 1908 382 episcopum

1116 386 1313 422 Romanum,
1343 394 1380 418 ut
1399 384 1442 417 de
1459 391 1567 419 latere
1582 387 1642 428 suo
1666 385 1902 430 presbyterum

1116 435 1251 471 mittat,
1278 436 1347 466 erit
1375 436 1409 466 in
1433 433 1594 478 potestate
1626 437 1787 479 episcopi,
1816 432 1900 479 quid

1118 483 1200 515 velit
1216 505 1225 518 ‚
1254 490 1286 516 et
1306 481 1388 528 quid
1405 481 1578 526 aestimet3
1607 491 1640 516 et
1656 482 1686 528 st
1710 482 1902 517 decreverit

1114 530 1292 565 mittendos
1322 530 1404 575 effe,
1434 533 1493 577 qui
1515 533 1707 576 ,praesentes
1733 543 1804 565 cum
1829 533 1898 578 epi-

1108 582 1215 625 scopis
1234 579 1412 625 judicent,
1440 577 1595 614 habentes
1614 581 1686 625 ejus
1709 580 1898 618 ‚amarita-

1111 637 1195 664 tem‚
1215 640 1234 661 a
1251 640 1314 675 quo
1339 627 1500 671 destinati
1519 632 1605 669 lunt,
1632 631 1702 663 erit
1719 631 1754 663 in
1765 630 1826 672 suo
1846 641 1899 664 ar-

1115 676 1229 711 bitrio.
1280 677 1321 711 Si
1337 688 1417 711 vero
1434 676 1625 712 crediderit
1649 678 1809 723 episcopos
1823 679 1901 724 suf-

1114 725 1230 766 ficere,
1258 734 1296 759 ut
1327 728 1462 773 negotio
1497 728 1675 760 terminum
1703 729 1875 772 imponant
1895 750 1908 763 .

1116 777 1243 819 faciet,
1271 775 1359 822 quod
1374 775 1609 824 sapientiffimo
1628 774 1754 824 confilio
1766 778 1828 821 Juo
1840 776 1901 822 ju-

1116 823 1297 860 dicaverit,

288 875 429 913 consilio
459 874 548 910 reae
567 874 691 909 habere
710 872 892 908 videbitur.
928 871 1076 918 Respon—

288 926 413 961 derunt
440 923 613 971 episcopi,
641 934 726 968 quae
760 919 849 956 dista
872 920 967 963 sunt,
998 920 1075 967 pla-

288 984 446 1013 ruerunt,

380 1063 480 1096 Haec
499 1061 631 1095 decreta
647 1056 782 1092 concilii
793 1057 996 1094 Sardicenfis
1013 1066 1093 1093 eum
1111 1053 1262 1091 Nicaea?
1279 1064 1312 1091 et
1329 1056 1536 1092 Antiocheni
1551 1057 1687 1093 concilii
1706 1056 1845 1101 statuti«,
1864 1059 1900 1095 in

282 1109 492 1156 quibusdam
508 1109 724 1148 conveniunt,
753 1107 789 1142 in
808 1108 881 1143 aliis
900 1107 1073 1143 diffident:
1101 1107 1312 1146 conveniunt
1328 1106 1362 1140 in
1384 1119 1436 1148 eo,
1453 1106 1546 1152 quod
1563 1108 1901 1156 primumjudicium

280 1159 546 1206 episcoporum,
573 1158 774 1205 provinciae
794 1157 964 1204 episcopis
984 1157 1158 1192 tribuunt:
1186 1154 1366 1196 differunt,
1401 1167 1480 1191 curn
1498 1167 1684 1198 vetant,ne
1693 1157 1903 1194 advocentur

284 1208 438 1255 episcopi
454 1207 607 1249 finitim‘13
636 1219 715 1241 nam
732 1207 767 1239 in
783 1206 916 1253 synodo
933 1205 1142 1241 Antiochena
1160 1214 1297 1238 cautum
1314 1203 1445 1244 fuerat,
1472 1216 1510 1239 ut
1526 1205 1757 1240 diffidentibus
1775 1206 1904 1252 episco-

282 1259 339 1304 pis
358 1257 571 1302 provinciae,
596 1253 736 1289 finitimi
754 1253 1014 1288 accerserentur.
1071 1251 1199 1286 Deinde
1217 1252 1253 1284 in
1276 1263 1316 1285 eo
1334 1250 1529 1296 praesertim
1547 1252 1589 1287 ab
1609 1253 1677 1287 illis
1696 1254 1809 1290 differt
1826 1258 1903 1291 Sar-

284 1304 425 1340 dicenfis
442 1304 580 1339 concilii
596 1300 744 1342 fainaio,
770 1301 864 1347 quod
879 1300 1099 1349 provincialis
1119 1298 1245 1346 synodi
1265 1298 1430 1345 judicium
1450 1301 1486 1335 in
1507 1299 1710 1347 episcopum
1727 1301 1834 1339 latum
1850 1317 1902 1340 re·

283 1355 404 1390 novari
421 1352 514 1399 posse
537 1351 672 1393 definit,
700 1349 724 1386 fi
748 1351 794 1386 ita
820 1351 977 1387 videatur
999 1354 1156 1386 Romano
1183 1347 1366 1394 episcopo,
1393 1348 1435 1384 ad
1456 1361 1559 1395 quem
1584 1350 1772 1397 confugere
1789 1352 1902 1400 potest

285 1402 464 1452 episcopus
483 1403 658 1438 damnatus
670 1426 680 1439 ‚
706 1413 776 1435 non
798 1400 948 1445 quidem,
966 1411 1004 1434 ut
1019 1399 1089 1445 ejus
1108 1396 1203 1433 causa
1219 1400 1348 1432 Romae
1365 1398 1545 1444 judicetur,
1574 1397 1629 1435 sed
1648 1411 1778 1437 tantum
1797 1413 1836 1438 ut
1852 1403 1901 1439 ibi

282 1453 490 1497 inquiratur,
516 1464 601 1487 num
619 1450 714 1486 causa
728 1451 798 1496 ejus
816 1449 854 1484 fit
871 1448 963 1489 talis,
991 1459 1075 1492 quae
1093 1457 1224 1481 novum
1244 1444 1405 1481 desideret
1420 1459 1567 1483 examen.
1623 1452 1664 1485 Et
1683 1451 1705 1484 si
1724 1453 1900 1488 Romanus

283 1499 443 1548 pontifex
453 1501 655 1536 intellexerit
674 1498 802 1534 causam
821 1499 854 1532 in
875 1498 1052 1544 provincia
1069 1508 1138 1531 non
1156 1493 1232 1529 satis
1248 1495 1470 1531 examinatam
1493 1496 1610 1538 fuiffe,
1646 1500 1840 1536 conceditur
1856 1502 1899 1544 ei,

283 1563 321 1586 ut
337 1561 469 1597 praeter
494 1548 671 1596 episcopos
688 1548 887 1594 provinciae
903 1560 941 1582 ex
959 1545 1117 1581 finitimis
1139 1543 1308 1590 episcopis
1327 1544 1520 1589 cognitores
1539 1547 1685 1588 tribuat,
1721 1551 1781 1593 qui
1801 1562 1899 1585 reno-

282 1610 363 1635 vent
390 1611 547 1639 examen,
576 1599 650 1634 dara
679 1599 778 1633 exiam
795 1597 846 1632 issi
865 1594 1039 1633 facultate,
1067 1605 1104 1629 ut
1121 1593 1250 1638 legatos
1268 1605 1289 1627 a
1306 1594 1414 1629 latere
1434 1596 1546 1631 mittat
1566 1595 1608 1630 ad
1625 1597 1793 1643 judicium
1810 1598 1900 1635 istud

281 1647 470 1695 posterius5
501 1648 523 1684 si
544 1661 625 1684 vero
646 1648 850 1683 intellexerit
875 1645 1003 1681 causam
1025 1657 1093 1679 non
1115 1641 1176 1677 else
1195 1641 1304 1682 talem,
1327 1655 1413 1687 quae
1432 1638 1609 1680 retraRari
1628 1645 1754 1684 debeat,
1781 1659 1897 1684 mane-

279 1698 331 1736 bit
348 1697 487 1734 firmum
506 1699 701 1744 provinciae
717 1697 894 1744 judicium.
946 1694 1051 1731 Addit
1077 1694 1176 1728 etiam
1196 1690 1429 1731 Gaudentius,
1458 1705 1495 1730 ut
1511 1695 1646 1730 interim
1668 1695 1748 1731 dum
1767 1697 1898 1733 Romae

281 1748 479 1792 inquiritur,
509 1745 696 1784 numcausa
723 1744 873 1793 episcopi
901 1744 1046 1792 depositi
1074 1742 1113 1779 {it
1143 1745 1264 1789 iterum
1282 1740 1477 1788 judicanda,
1507 1743 1621 1779 nullus
1639 1746 1674 1778 in
1691 1746 1763 1793 ejus
1781 1746 1897 1782 locum

280 1795 521 1833 substituatur,
550 1797 644 1841 quod
663 1795 794 1844 synodo
811 1796 930 1842 placet.
984 1793 1054 1829 Hic
1072 1791 1116 1827 est
1130 1792 1298 1837 genuinus
1317 1788 1428 1825 sensus
1445 1792 1690 1828 Sardicenfium
1709 1806 1892 1842 canonum⁴

280 1844 345 1881 Sed
373 1857 410 1880 ut
434 1846 473 1879 de
491 1845 550 1880 illo
575 1846 684 1891 magis
702 1844 846 1885 constet,
875 1844 945 1879 duo
963 1842 1064 1878 nobis
1082 1838 1241 1877 adversus
1257 1838 1489 1876 Christianum
1507 1845 1645 1889 Lupum
1663 1854 1695 1878 et
1710 1843 1795 1879 alios
1813 1856 1895 1891 pro—

280 1893 392 1932 banda
414 1893 508 1929 sunt:
535 1895 677 1929 alterum
701 1892 762 1935 est,
792 1892 881 1928 hisce
909 1892 1096 1928 canonibus
1129 1887 1259 1934 aliquid
1278 1900 1406 1924 novum
1424 1889 1539 1934 statui3
1566 1891 1708 1927 alterum
1731 1892 1796 1935 est,
1823 1905 1896 1929 non

282 1943 424 1979 concedi
451 1945 733 1989 provocationem
760 1943 799 1978 ad
825 1947 1019 1979 Romanum
1044 1938 1259 1988 pontificem,
1288 1949 1349 1972 nec
1374 1940 1571 1985 potestatem
1599 1942 1629 1975 ei
1647 1940 1720 1976 fieri
1739 1942 1781 1977 de
1798 1942 1896 1980 causa

281 2004 301 2027 e
328 1992 432 2036 ilcopi
460 1991 648 2037 judicandi,
677 1991 734 2028 sed
759 1992 972 2039 tantum.jus
992 1990 1167 2037 quoddam
1188 1986 1381 2029 revisionis,
1408 1987 1466 2024 seu
1483 1987 1731 2027 retrastationis
1750 1990 1895 2028 statuen-

283 2005 345 2077 ἦξε
361 2039 424 2088 ipsi
442 2039 558 2075 tribui.

382 2103 535 2136 Primum
563 2097 689 2135 constat
712 2110 751 2133 ex
770 2098 838 2134 istis
858 2098 929 2136 ossi
948 2097 1081 2140 verbis,
1102 2098 1131 2145 fi
1150 2096 1278 2141 vestrae
1296 2096 1469 2132 dilezlioni
1486 2098 1642 2139 videtur.
1667 2100 1766 2136 Petri
1781 2106 1894 2136 mental

281 2152 371 2185 riam
388 2151 603 2194 honoremus,·
633 2147 759 2194 quibus
771 2147 843 2184 satis
861 2149 918 2183 ille
936 2144 1115 2189 indicat,se
1134 2158 1263 2181 novum
1283 2147 1463 2193 quippiam
1489 2158 1521 2182 et
1539 2148 1679 2184 antehac
1695 2147 1892 2185 inusitatum

287 2210 503 2245 proponere,
527 2198 686 2244 quodque
706 2210 744 2232 ex
760 2210 898 2245 patrum
917 2195 1156 2234 sardicensium
1174 2196 1345 2242 pendebat
1364 2195 1512 2230 arbitrio.
1566 2196 1700 2232 Deinde
1718 2209 1788 2232 non
1808 2198 1891 2234 dicit

285 2247 397 2291 osius,
414 2250 475 2295 jus
490 2248 658 2286 Romanae
669 2248 764 2294 sedis
782 2251 1018 2295 conservemur,
1043 2245 1101 2284 sed
1118 2256 1251 2284 tentum
1267 2246 1365 2284 Petri
1380 2248 1567 2285 memoriam
1578 2248 1797 2290 ,bonoremun
1823 2245 1892 2283 hoe

1786 2292 1844 2343 §st-
