1982 2739
278 206 348 247 '¹58
501 196 572 233 DE
599 192 883 235 ANTIQUA
908 186 1083 225 ECCLE
1099 184 1199 222 81AE
1225 184 1564 237 DISCIPLINA

228 286 446 329 cumcifionis
474 295 506 319 et
522 282 682 329 legalium
700 280 935 318 observatione
951 278 1054 324 longe
1071 278 1209 325 gravior
1224 273 1402 313 difficultas
1423 275 1513 311 foret
1531 286 1645 314 exorta
1657 304 1665 319 ,
1692 277 1749 313 illa
1767 289 1837 314 non

232 341 326 378 Petri
335 336 530 374 autoritate,
546 332 602 368 sed
614 331 851 380 apostolorum
863 356 871 371 ,
883 329 1124 373 seniorumque
1136 325 1390 375 Hierosolymis
1409 338 1695 371 congregatorum
1714 327 1842 375 jndicio

234 388 371 425 definita
381 385 436 421 est.
465 388 578 428 Atque
586 384 668 418 adeo
680 394 797 417 verum
807 406 815 422 ‚
828 383 965 415 Petrum
984 391 1051 413 non
1065 375 1162 413 fuisse
1170 376 1361 411 absolutum
1371 375 1588 410 monarcham
1600 378 1750 413 aliorum
1762 389 1844 423 apo.

234 438 401 475 stolorum
414 461 422 476 ,
434 446 470 470 ut
482 431 603 468 Paulus
614 445 682 468 non
701 430 740 466 {it
756 431 881 465 veritus
893 431 923 463 ei
948 429 981 462 in
1005 425 1128 462 faciem
1145 424 1311 467 resistere,
1337 438 1414 461 cum
1429 436 1541 470 gentes
1553 425 1594 459 ad
1605 428 1751 474 judaicas
1763 439 1848 462 cere-

236 489 373 525 monias
394 482 620 520 obser'vandas
645 481 744 517 vellet
761 479 945 526 impellere.
981 476 1121 513 Constat
1138 489 1220 523 ergo
1239 477 1328 511 Petri
1346 476 1534 522 primatum
1552 486 1622 510 non
1650 475 1748 512 fuisse
1763 488 1845 512 mo-

237 534 409 573 narchiam
429 532 635 572 absolutam,
661 543 717 566 aut
734 530 948 565 dominatum
971 528 1004 562 in
1025 538 1175 562 caeteros
1195 524 1390 571 apostolos3
1425 523 1518 570 quod
1545 524 1673 561 idcitco
1698 527 1819 561 monui
1837 551 1847 566 ‚

239 587 319 632 quia
346 584 451 619 solent
479 582 632 616 haeretici
650 581 728 615 haec
753 578 864 614 secum
890 577 1037 613 invicem
1066 573 1296 614 confundere,
1330 586 1361 611 et
1389 573 1574 610 catholicos
1590 573 1740 612 accusare
1757 574 1847 620 quasi

241 633 481 671 monarchiam
500 629 689 666 absolutam
709 640 739 664 et
753 628 968 664 dominatum
986 629 1021 662 in
1038 624 1167 662 ecclefia
1185 626 1383 669 admittant,
1410 623 1506 672 quod
1525 627 1693 664 averitate
1703 625 1850 662 alienum

239 683 303 720 est:
330 682 387 720 sed
411 682 452 718 de
473 681 538 717 hoc
555 678 660 717 fufius
682 678 831 716 dicemus
849 677 959 726 capite
976 674 1139 723 sequenti.

798 897 1164 953 CAPUT
1235 895 1317 948 ΙΙ.

699 1008 766 1055 De
794 1008 997 1054 Romanae
1027 1007 1183 1066 eccleszae
1204 1003 1398 1064 primatu.

1012 1143 1039 1187 §2
1066 1145 1093 1179 1.

506 1234 550 1274 In
575 1246 642 1284 quo
669 1231 914 1282 demonstratur
933 1232 1108 1280 primatus
1132 1229 1274 1277 ecclefiae
1290 1229 1468 1270 Romanae
1485 1230 1597 1281 supra

826 1295 977 1327 caeteras
1003 1285 1097 1324 orbis
1131 1285 1285 1338 ecclejfias.

351 1432 372 1468 d
392 1429 692 1468 demonstrandum
712 1430 883 1463 Romanae
902 1423 1053 1460 ecclesiae
1071 1425 1282 1472 primatum,
1309 1437 1379 1460 non
1396 1423 1517 1462 sufficit
1527 1422 1703 1461 ostendisse
1721 1424 1861 1460 Petrum

377 1484 467 1517 inter
485 1478 657 1527 apostolos
676 1479 830 1524 primum
849 1473 1000 1509 habuisse
1021 1474 1154 1511 locum,
1181 1475 1313 1519 quippe
1333 1487 1400 1508 non
1420 1476 1532 1510 omnis
1549 1488 1566 1510 a
1594 1477 1692 1509 Petro
1718 1471 1863 1509 fundata

255 1546 286 1568 et
305 1530 456 1567 instituta
475 1528 602 1565 ecclefia
618 1529 807 1575 primatum
825 1525 917 1559 hunc
935 1522 1071 1564 habuit;
1100 1523 1253 1567 alioquin
1271 1521 1490 1558 Antiochena
1516 1535 1548 1558 et
1572 1523 1654 1559 aliae
1682 1523 1862 1569 quamplu-

255 1585 360 1619 rimae
377 1581 472 1616 orbis
482 1577 643 1618 ecclefiae,
666 1587 747 1621 quas
765 1572 956 1612 constituit,
986 1581 1018 1605 et
1035 1570 1148 1606 saltem
1167 1571 1208 1606 ad
1227 1582 1364 1617 tempus
1383 1573 1488 1613 rexit,
1516 1574 1703 1618 primatum
1720 1571 1863 1607 fibivin-

255 1632 422 1666 dicarent:
460 1639 669 1674 quapropter
695 1637 732 1658 ex
760 1623 940 1658 traditione
965 1619 1208 1656 ostendendum
1228 1619 1293 1660 est,
1331 1633 1494 1665 quaenam
1513 1634 1550 1656 ex
1568 1620 1708 1656 ecclefiis
1726 1633 1744 1656 a
1760 1624 1862 1657 Petro

251 1679 404 1716 fundatis
427 1681 595 1725 primatus
623 1675 756 1709 honore
781 1672 917 1717 dignata
941 1667 1047 1704 fuerit
1071 1683 1077 1702 ;
1121 1669 1157 1704 id
1181 1682 1292 1716 porro
1318 1669 1381 1705 soli
1405 1674 1578 1707 Romanae
1597 1669 1766 1711 ecclesiae,
1793 1683 1863 1707 non

256 1730 353 1764 alteri
372 1729 504 1775 semper
521 1722 727 1771 competiiffe
742 1721 913 1757 unanimis
931 1719 1067 1754 traditio
1087 1718 1192 1754 docet.
1246 1720 1363 1767 Hujus
1382 1722 1518 1766 primus
1538 1717 1627 1755 testis
1641 1712 1864 1762 estlrenheus,

258 1780 318 1824 qui
346 1778 403 1813 lib.
441 1790 469 1821 3.
499 1777 570 1821 cap.
600 1786 631 1817 3.
652 1776 840 1808 Romanam
859 1767 1029 1804 ecclefiam
1047 1770 1228 1804 maximam
1247 1779 1277 1804 et
1295 1770 1555 1814 antiquissimam
1575 1781 1679 1805 vocat.
1739 1770 1865 1805 Mam-

258 1839 330 1863 mae
346 1837 377 1863 et
395 1825 655 1875 antiqmffimae‚
682 1822 811 1867 inquit,
838 1828 872 1855 et
887 1832 906 1854 a
931 1817 1055 1853 duobus
1072 1818 1221 1866 apostolis
1239 1819 1340 1853 Petro
1365 1829 1397 1854 et
1421 1820 1525 1854 Paulo
1551 1819 1675 1853 Romae
1693 1819 1868 1864 fundatae

258 1877 419 1924 ecclaefiae,
447 1885 639 1921 eam‚quam
655 1871 754 1908 hahet
771 1870 811 1906 ab
831 1868 979 1916 apostolis
991 1867 1095 1910 fidem
1110 1879 1172 1914 per
1190 1867 1395 1915 succeffiones
1419 1871 1643 1916 episcoporum
1666 1871 1867 1914 pervenien-

257 1933 325 1962 tem
351 1925 450 1974 usque
477 1924 522 1959 ad
540 1936 596 1957 nos
620 1921 808 1957 indicantes
831 1917 1066 1964 confundimus
1080 1927 1186 1952 omnes
1203 1928 1271 1957 eos,
1298 1920 1356 1964 qui
1369 1927 1612 1965 praeterquam
1629 1917 1716 1965 quod
1732 1926 1866 1964 oportet

257 1975 442 2022 colligunt3
470 1973 515 2007 ad
533 1974 616 2007 hanc
633 1974 721 2006 enim
739 1968 894 2016 ecclesiam
909 1976 1058 2014 propter
1071 1967 1290 2013 potentiorem
1305 1969 1599 2013 principalitatem
1616 1967 1740 2013 neceffi·
1749 1967 1792 2008 est
1801 1979 1865 2002 om-

260 2035 336 2058 nem
353 2026 530 2057 convenire
550 2020 724 2063 ecclesiam:
752 2019 806 2053 hoc
825 2018 884 2062 est,
911 2028 960 2050 eos
972 2041 978 2054 ,
990 2017 1140 2063 quisunt
1157 2014 1307 2062 undique
1320 2016 1455 2057 fideles,
1473 2019 1508 2051 in
1526 2028 1587 2063 qua
1600 2019 1732 2062 semper
1745 2015 1786 2050 ab
1812 2019 1865 2057 iis,

259 2072 408 2121 quisunt
424 2071 580 2118 undique,
597 2069 787 2112 conservata
807 2066 847 2112 est
865 2076 913 2105 ea,
941 2075 1026 2111 quae
1042 2065 1085 2111 est
1102 2063 1141 2098 ab
1157 2065 1305 2110 apostolis
1322 2066 1479 2101 traditio.
1533 2068 1630 2108 Quae
1641 2064 1742 2099 verba
1758 2063 1865 2100 ossen-

259 2124 347 2156 dunt
364 2121 491 2154 Irenaei
526 2129 684 2162 tempore
705 2120 892 2151 Romanam
913 2112 1079 2149 ecelestm
1096 2112 1354 2157 antiquitiimam
1379 2126 1409 2148 et
1424 2113 1660 2159 amplissimam
1671 2113 1864 2149 traditionis

260 2168 375 2205 testem
400 2166 690 2215 locupletissimam
708 2163 808 2202 fuisse
827 2191 836 2208 ‚
868 2174 900 2199 et
923 2164 1058 2200 caeteris
1089 2163 1247 2198 omnibus
1275 2163 1415 2199 ecclesiis
1439 2164 1694 2200 eminentiorem
1718 2175 1754 2198 ac
1779 2162 1865 2199 cele·

258 2218 409 2255 briorem
422 2215 535 2254 fuisse.

1686 2264 1812 2298 Secun-
