2022 2733
313 209 815 250 DISSERTATIONES
843 209 1210 248 HISTORICAE.
1237 211 1394 250 neem.
1423 213 1500 251 vn.
1610 224 1684 261 417

457 302 514 340 De
539 303 765 341 transtatione
791 303 921 352 imperii
946 317 968 340 α
997 302 1143 342 Graecis
1168 303 1219 343 ad
1236 286 1379 342 Gallos.

108 387 310 484 Nullum
330 402 429 439 habet
447 403 638 451 exemplum
655 404 838 451 speciosius
857 406 1093 449 Bellarminus,
1114 418 1152 443 ut
1168 405 1375 454 pontificum
1398 406 1432 441 in
1454 406 1655 453 temporalia
1664 418 1730 454 po-

191 500 194 501 ⁷
225 451 372 488 testatem
393 452 533 493 astruat,
563 466 665 498 quam
684 456 823 502 imperii
851 457 1066 492 occidentalis
1098 457 1374 496 translationem,
1412 467 1449 491 ut
1467 456 1675 501 loquuntur,
1711 469 1732 491 a

110 502 254 537 Graecis
271 503 310 536 ad
331 504 486 543 Latinos,
515 502 572 538 sed
591 502 614 537 ss
634 516 690 537 res
704 516 854 539 accurate
871 506 1120 551 perpendatur,
1150 507 1236 541 nihil
1255 507 1319 540 hoc
1337 517 1540 551 argumento
1561 504 1734 539 infirmius

112 548 176 585 effe
199 551 423 597 dignoscitur.
479 554 531 586 Sic
550 552 633 586 illud
651 555 820 597 proponit
847 554 1092 590 Bellarminus:
1141 558 1315 602 septimum
1339 556 1523 600 exemplum
1547 554 1590 600 est
1613 555 1732 589 Leonis

111 600 173 636 III
181 625 190 641 ,
211 604 270 648 qui
285 604 462 648 imperium
479 602 655 647 transtulit
671 613 690 635 a
702 601 843 636 Graeco
860 602 905 636 ad
923 603 1122 640 Germanos,
1153 614 1335 649 propterea
1359 603 1445 651 quod
1466 603 1589 638 Graeci
1605 604 1735 638 nullum

109 651 277 686 auxilium
295 649 466 686 laboranti
481 650 627 697 ecclefiae
650 650 846 686 occidentali
874 651 1001 696 afferre
1021 652 1162 699 poffent.
1216 654 1316 686 Hanc
1340 662 1452 686 autem
1477 652 1734 687 translationem

109 699 187 745 jure
202 710 240 733 ac
262 699 388 734 merito
406 696 530 734 fastam
548 698 693 745 probat,
722 710 797 735 tum
817 712 855 734 ex
875 701 1032 736 omnium
1047 713 1166 748 regum
1185 700 1384 740 occidentis,
1413 701 1472 745 qui
1489 701 1652 736 Carolum
1663 713 1733 747 pro

112 759 195 782 vero
216 758 249 782 et
265 747 420 794 legitimo
438 750 648 794 imperatore
670 761 903 794 agnoverunt,
930 750 1079 796 judicio,
1108 763 1183 785 tum
1201 763 1238 785 ex
1256 749 1364 796 ipsius
1386 752 1500 785 [renes
1512 749 1732 788 confeffione.

112 809 199 842 q‘uae
219 810 287 833 non
305 798 413 833 modo
431 810 501 831 non
520 797 731 839 reclamavit,
759 797 813 833 sed
831 809 863 832 et
885 798 1002 833 Caroli
1019 800 1216 847 conjugium
1234 801 1389 845 expetiit,
1417 810 1491 835 tum
1508 813 1543 835 ex
1563 811 1684 836 eventu
1696 811 1730 835 et

111 845 269 882 vistoriis
284 846 405 882 Caroli
421 848 557 893 Magni.
609 849 757 885 Verum,
785 859 822 882 ut
841 860 967 893 quanta
984 847 1023 883 sit
1040 849 1140 896 hujus
1157 849 1303 895 exempli
1326 848 1366 883 ad
1390 849 1608 895 propositum
1625 862 1731 896 nego·

111 898 199 932 trum
217 896 381 932 inutilitas
399 907 501 941 atque
518 893 664 931 futilitas
683 896 792 932 statim
811 894 1046 943 dignoscatur,
1085 910 1195 934 unum
1223 897 1398 933 observare
1423 897 1558 940 sufficit,
1592 898 1732 946 pontifis

109 958 181 981 ocm
199 948 393 982 Romanum
417 945 503 980 nihil
519 946 666 981 omnino
684 946 769 993 juris
788 958 845 982 aut
864 958 1032 982 terrarum
1048 946 1329 988 Carolodediffe,
1356 948 1733 995 autimperatorigraei

111 1007 153 1031 co
180 994 357 1030 abstulisse.
411 996 475 1031 Sed
502 1008 634 1031 merum
668 1009 794 1032 nomen
822 998 1062 1044 imperatoris,
1116 998 1218 1043 idque
1245 1009 1323 1033 eum
1356 1010 1423 1033 non
1449 996 1559 1033 solum
1585 997 1734 1039 dedisse,-

111 1044 166 1080 sed
184 1043 283 1081 simul
306 1057 385 1080 cum
402 1044 538 1092 populo
555 1049 730 1087 Romano,
783 1046 880 1093 cujus
908 1048 1046 1082 nomine
1070 1047 1163 1082 velut
1188 1049 1414 1094 praecipuum
1443 1048 1514 1094 ejus
1533 1047 1730 1084 membrum

110 1094 241 1142 agebat.
294 1096 436 1142 Quippe
454 1095 514 1129 diu
534 1108 714 1140 antequam
732 1096 877 1131 Carolus
895 1098 1083 1142 imperator
1101 1100 1345 1135 nominaretur,
1373 1109 1514 1143 graecus
1530 1109 1548 1132 a
1566 1097 1729 1133 dominio

111 1145 374 1191 provinciarum
392 1144 576 1180 occidentis
596 1145 778 1183 exciderat,
806 1157 838 1180 et
856 1147 999 1182 Carolus
1018 1147 1091 1195 jure
1109 1146 1318 1182 succeffionis
1340 1158 1398 1181 aut
1422 1159 1601 1182 armorum
1619 1146 1730 1182 domi·

112 1206 176 1230 nus
195 1205 265 1230 erat
281 1194 430 1234 Galliae,
459 1194 680 1232 Germaniae,
709 1191 915 1236 Pannoniae,
943 1198 1052 1242 partis
1071 1195 1280 1243 Hispaniae,
1308 1208 1339 1231 et
1355 1198 1520 1232 maximae
1537 1197 1647 1243 partis
1664 1199 1732 1234 Ita-i

110 1244 176 1279 liae
193 1257 228 1280 ac
246 1243 445 1291 praesertim
463 1242 558 1279 urbis
576 1248 712 1283 Romae,
731 1257 814 1290 quae
833 1244 925 1280 sedes
943 1258 1013 1281 erat
1035 1248 1184 1292 imperii.
1220 1249 1336 1291 Itaque
1353 1248 1490 1281 nomine
1506 1247 1729 1293 imperatoris

113 1294 237 1340 adepto
266 1294 371 1329 ditior
397 1305 467 1328 nou
496 1292 541 1327 est
568 1292 677 1329 fafius
713 1295 872 1335 Carolus,
925 1307 984 1330 nec
1020 1296 1209 1340 quidquam
1246 1299 1366 1340 graeco
1402 1296 1604 1341 imperatori
1639 1295 1730 1336 ablat

111 1355 184 1378 turn
211 1342 274 1378 est:
328 1354 364 1377 ac
397 1342 544 1388 proinde
583 1342 709 1377 etiamsi
735 1346 804 1378 Leo
839 1343 930 1378 solus
957 1345 1222 1390 imperatorium
1257 1357 1382 1379 nomen
1409 1343 1548 1378 dedisset
1580 1344 1704 1379 Carolo
1717 1370 1727 1384 ,

112 1405 183 1428 non
203 1392 283 1426 inde
300 1391 494 1437 sequeretur
516 1393 708 1426 Romanum
731 1391 928 1438 pontis-icem
943 1392 1073 1437 aliquid
1095 1396 1130 1428 in
1156 1393 1360 1439 temporalia
1376 1393 1461 1441 juris
1479 1392 1643 1431 habuisse,
1671 1405 1730 1430 aut

113 1442 239 1478 Carolo
256 1440 442 1478 contulisse.
494 1444 538 1475 At
556 1439 687 1476 eriamfi
700 1440 819 1477 elesiio
836 1442 895 1477 ista
913 1441 967 1477 seu
987 1445 1104 1489 potius
1122 1443 1212 1479 tituli
1229 1444 1441 1490 imperatorii
1459 1443 1597 1478 collatio
1614 1455 1731 1478 anon-

113 1492 215 1528 nullis
231 1491 459 1537 scriptoribus
478 1491 600 1530 Leoni,
627 1501 667 1524 ut
686 1492 830 1526 civitatis
846 1495 1020 1527 Romanae
1039 1494 1189 1540 principi
1206 1493 1391 1531 tribuatur,
1443 1492 1483 1528 ab
1513 1492 1586 1527 aliis
1614 1505 1728 1528 tamen

112 1541 313 1588 proceribus
333 1552 364 1574 et
380 1539 514 1586 populo
531 1549 664 1584 accepta
680 1538 838 1574 refertur.
892 1543 974 1575 Rern
993 1541 1034 1577 sic
1054 1554 1191 1577 narrant
1209 1543 1341 1577 annales
1358 1546 1567 1578 Francorum
1578 1541 1618 1577 ab
1638 1555 1730 1578 anno

115 1603 198 1636 714.
227 1591 267 1625 ad
283 1602 411 1624 annum
431 1595 512 1633 883.
543 1585 696 1627 deduffi,
723 1589 762 1623 ad
782 1601 908 1623 annum
931 1596 1011 1628 801.
1065 1593 1105 1626 In
1134 1593 1190 1627 die
1214 1594 1340 1627 natalis
1359 1593 1486 1627 domini
1504 1601 1582 1627 ante
1598 1595 1731 1638 confel-

104 1641 228 1689 fionem
246 1642 285 1675 B.
305 1641 403 1675 Petri
420 1638 558 1685 apostoli
575 1650 642 1672 cum
661 1646 717 1672 ter
733 1637 773 1673 ab
792 1641 948 1673 oratione
967 1641 1133 1687 surgeret
1149 1641 1212 1675 Leo
1233 1653 1322 1686 papa
1349 1653 1499 1676 coronam
1525 1644 1633 1686 capiti
1658 1643 1731 1687 ejus

115 1691 286 1737 imposuit,
313 1698 345 1724 et
366 1701 386 1723 a
403 1688 515 1723 cunflo
534 1688 756 1722 Romanorum
769 1689 894 1735 populo
915 1690 1126 1724 acclamatum
1145 1690 1191 1735 est.
1204 1691 1320 1724 Carolo
1338 1690 1487 1738 Augusto
1506 1703 1524 1724 a
1536 1690 1664 1724 domino
1678 1703 1730 1724 co-

114 1747 237 1775 ronato
254 1733 380 1787 magno
395 1746 429 1773 et
440 1736 578 1783 pacifico
597 1739 800 1783 imperatori
827 1738 1051 1772 Romanorum
1079 1741 1153 1772 vita
1171 1748 1205 1772 et
1223 1739 1388 1778 vit‘i‘oria,
1440 1748 1474 1774 et
1498 1739 1568 1785 post
1593 1738 1730 1778 laudes,

115 1799 204 1824 more
222 1791 437 1836 antiquorum
450 1789 645 1833 principum
661 1786 822 1821 adoratus
840 1787 897 1832 esi,
925 1795 1025 1835 atque
1043 1786 1152 1822 oblato
1167 1790 1312 1834 patricii
1339 1790 1470 1822 nomine
1490 1791 1677 1834 imperator
1695 1796 1730 1823 et

116 1838 286 1887 Augustus
308 1837 351 1883 est
375 1836 576 1883 adpellatus.
629 1835 751 1871 lisdem
777 1835 890 1870 verbis
917 1836 951 1870 id
977 1848 1091 1871 narrat
1112 1837 1299 1872 monachus
1328 1835 1589 1883 Eugolismenlis
1605 1837 1639 1871 in
1659 1837 1729 1872 vita

118 1887 234 1923 Caroli
253 1887 389 1932 Magni.
441 1887 622 1920 Aimoinus
638 1884 718 1920 libri
736 1886 846 1930 quinti
866 1886 973 1931 capite
997 1897 1050 1930 31.
1104 1886 1182 1921 Ado
1199 1887 1233 1921 in
1260 1887 1425 1921 chronico
1452 1897 1555 1921 aetate
1588 1890 1620 1922 6.
1657 1886 1731 1921 Go-

117 1936 230 1972 fridus
247 1933 467 1970 Viterbienlis
490 1937 524 1969 in
558 1935 738 1976 chronico,
774 1947 806 1969 et
833 1938 915 1970 Otto
942 1935 1174 1981 Frilingenfis.
1226 1936 1308 1974 Sed,
1345 1937 1460 1981 inquit
1485 1935 1737 1976 Bellarminus‚'

117 1987 172 2021 ln‘c
186 1988 332 2032 primum
349 1987 471 2019 mentio
484 1984 529 2026 fit
545 1986 665 2032 populi
682 1987 828 2020 Romani
842 2010 849 2024 2
864 1984 927 2030 sed
941 1986 1148 2020 acclamantis
1172 1985 1241 2032 post
1264 1989 1509 2021 coronationem
1535 1997 1600 2020 uon
1626 1987 1733 2032 impe-

118 2045 270 2071 ratorum
289 2035 492 2081 adpellantis
513 2043 590 2069 ante
607 2038 859 2070 coronationem.
911 2038 956 2069 At
984 2046 1105 2070 notum
1131 2033 1176 2069 est
1200 2035 1284 2070 olim
1309 2036 1532 2081 imperatores
1556 2037 1732 2070 Romanos

122 2097 187 2131 per
205 2083 400 2131 hujusmodi
417 2081 680 2119 adclamationes
698 2097 717 2119 a
734 2083 898 2119 militibus
916 2095 948 2118 et
966 2084 1100 2130 populo
1122 2083 1246 2119 eleetos
1259 2082 1359 2119 fuisse
1372 2097 1450 2120 cum
1468 2084 1635 2130 api-ivatis
1649 2080 1732 2118 fuis-

121 2133 194 2169 sent
211 2132 398 2180 propofiti‚
426 2142 458 2167 et
473 2143 586 2167 tamen
602 2146 722 2169 eorum
740 2131 859 2168 ele'elzio
878 2133 1043 2168 tribuitur
1062 2134 1223 2169 universis
1241 2134 1406 2169 militibus
1424 2146 1454 2169 et
1473 2133 1624 2180 populo,
1659 2145 1730 2168 non

121 2183 163 2221 ei,
179 2185 238 2227 qui
256 2184 500 2229 proposuerat,
528 2182 651 2218 deinde
667 2182 746 2218 istae
762 2183 1022 2218 adclamationes
1041 2194 1188 2229 arguunt
1206 2197 1275 2219 non
1295 2183 1398 2219 modo
1417 2183 1646 2229 praesentem,
1673 2180 1733 2218 sed

124 2232 429 2278 etpraecedentem
447 2232 570 2278 populi
585 2231 795 2269 consensum.
848 2235 997 2269 Demum
1022 2230 1178 2279 pontifex
1203 2235 1358 2269 omnium
1382 2237 1617 2269 Romanorum
1643 2232 1732 2266 vices

124 2281 244 2326 agebat
261 2280 351 2316 velut
375 2283 600 2327 praecipuum
619 2283 763 2317 civitatis
782 2282 974 2317 membrum
987 2309 994 2322 ‚
1023 2282 1113 2318 unde
1131 2283 1229 2320 multi
1246 2282 1400 2318 historici
1419 2295 1459 2316 ne
1483 2285 1631 2317 Leonem
1661 2283 1737 2327 qui-

120 2329 202 2376 dem
214 2330 395 2367 nominant
403 2355 413 2373 ‚
439 2330 498 2367 sed
518 2333 715 2377 aRomanis
741 2343 871 2370 tantum
897 2332 1062 2368 Carolum
1087 2333 1332 2380 imperatorem
1355 2333 1571 2369 nominatum
1596 2329 1656 2366 elie
1685 2331 1737 2367 di-

931 2383 963 2418 G
981 2395 1004 2430 g
1020 2395 1043 2430 g
1596 2392 1686 2417 cunt,
