1982 2739
311 228 386 265 '148
515 215 587 256 DE
637 215 916 260 ANTIQUA
964 212 1249 249 ECCLESIAE
1293 211 1632 248 DISClPLlNA

267 311 479 350 servaturOS,
506 307 613 343 donec
630 303 886 352 comperissent,
911 313 1027 339 utrum
1046 298 1274 338 reveraeffent
1295 299 1431 335 concilii
1449 301 1613 342 Nicaeni,
1638 312 1762 344 neene;
1788 299 1879 336 unde

268 374 340 398 non
359 361 496 400 mirum,
513 358 536 392 fi
557 355 689 392 sanstus
708 352 920 401 Augustinus
939 355 974 388 in
993 353 1054 387 hac
1073 349 1212 397 epistola
1224 348 1570 385 AntoniiFussalenfis
1589 350 1795 396 confugium
1811 362 1881 386 non

271 412 419 448 omnino
436 407 634 455 improbare
652 405 821 441 videatur:
848 417 925 440 cum
945 401 1018 450 ipse
1038 404 1073 437 in
1092 398 1473 445 concil.Carthaginenfi
1496 403 1526 436 6.
1539 399 1668 435 ibidem
1689 400 1754 436 col,
1777 413 1790 432 ι
1803 403 1882 443 562.

271 461 412 496 nomine
430 458 687 497 Numidarum,
717 467 867 500 quorum
890 454 1020 500 legatus
1048 461 1136 491 erat,
1162 447 1333 498 professus
1356 448 1431 484 effet
1455 448 1485 483 se
1507 461 1712 484 memoratos
1736 461 1881 484 canones

270 509 501 550 servaturum,
520 509 623 553 salva
638 504 850 553 inquisitione
868 504 1002 539 concilii
1018 503 1175 552 Nicapni.
1229 501 1358 533 Verum
1378 497 1559 544 postquam
1574 499 1719 534 Nicaeni
1737 510 1882 534 canones

273 563 312 595 in
330 556 482 594 Africam
506 557 615 596 allati,
653 565 936 600 compertumque
963 551 1049 587 nihil
1076 552 1111 585 in
1134 550 1182 585 eis
1204 548 1373 596 ejusmodi
1395 549 1559 594 reperiri,
1596 558 1715 585 omnes
1740 549 1884 584 omnino

270 608 519 656 adpellationes
540 606 651 640 irritas
671 603 864 639 habuerunt
880 601 1054 639 Africani,
1082 611 1140 634 nec
1158 599 1314 645 deinceps
1335 598 1408 632 illas
1426 597 1502 633 fieri
1520 596 1600 644 paffi
1618 597 1708 633 sunt.

424 660 499 692 Nec
524 667 684 702 opponas
713 651 864 688 sanssum
882 650 1109 698 Augustinum
1137 650 1170 683 in
1198 649 1260 683 hac
1286 647 1425 695 epistola
1451 646 1631 693 agnoscere
1655 645 1883 692 antiquissima

274 707 339 744 effe
356 706 625 754 adpellationum
651 704 691 738 ad
709 705 900 738 Romanum
920 699 1119 749 pontificem
1137 698 1289 744 exempla
1301 724 1308 738 ‚
1338 710 1414 732 cum
1432 697 1491 732 ait:
1544 698 1703 743 Existunt
1721 699 1883 744 exempla,

273 759 352 806 ipsa
373 757 448 803 sede
466 755 636 803 apostolica
655 753 834 801 judicante
849 753 880 793 ἦ
907 753 960 786 vel
987 752 1128 785 aliorum
1144 747 1280 795 judicia
1305 747 1479 788 firmante,
1507 747 1664 794 quosdam
1686 759 1752 794 pro
1779 749 1886 793 culpis

274 807 471 857 quibusdam
488 817 545 840 nec
561 804 736 851 episcopali
745 803 907 848 spoliatos
923 802 1060 838 honore,
1087 810 1146 833 nec
1164 797 1296 832 reliffos
1315 796 1509 832 omnimodis
1526 799 1720 843 impunitw,
1748 807 1832 844 quae
1848 803 1888 830 ut

273 852 297 892 a'
324 857 440 903 nostris
467 853 672 901 temporibus
689 850 894 898 remotiffima
912 862 976 885 non
993 850 1181 895 requiram,
1209 851 1354 881 recentia
1373 845 1563 881 memorabo.
1617 847 1742 881 Clamet
1755 846 1886 891 Priscus

272 908 470 954 provinciae
490 902 725 949 Caesareenfis,
754 909 785 935 et
811 902 925 934 clamet
953 899 1040 932 alius
1065 895 1209 944 ejusdem
1234 897 1434 942 provinciae
1454 896 1594 940 Viflor3
1621 906 1654 930 et
1675 897 1792 930 clamet
1816 904 1888 930 ter-

273 958 345 991 tius
365 954 510 1001 ejusdem
524 954 723 998 provinciae
739 950 943 984 Laurentius
956 973 965 987 ⁷
993 955 1053 980 etc.
1108 943 1211 979 Unde
1230 944 1347 989 colligi
1365 943 1481 989 potest,
1501 956 1569 979 non
1587 944 1692 979 modo
1718 955 1786 978 tres
1807 942 1888 979 istos

274 1004 355 1051 post
375 1001 639 1048 adpellationem
657 996 754 1034 fuisse
772 996 936 1044 dejePtos3
965 995 1016 1029 sed
1044 1006 1075 1028 et
1094 993 1195 1039 plura
1222 992 1283 1027 alia
1303 995 1439 1036 antiqua
1463 992 1566 1039 hujus
1587 994 1637 1027 rei
1664 993 1817 1038 exempla
1835 1004 1891 1028 re-

275 1054 396 1100 periri,
412 1063 498 1099 quae
516 1062 587 1085 non
610 1047 824 1094 improbaret
835 1044 1059 1091 Augustinus,
1115 1045 1245 1076 Verum
1263 1040 1284 1075 si
1310 1042 1392 1075 haec
1418 1041 1520 1076 verba
1537 1043 1579 1077 ita
1598 1041 1816 1088 intelligenda
1834 1039 1890 1077 fo-

276 1113 366 1143 rent,
394 1099 570 1147 epistolam
588 1098 673 1133 hane
692 1096 842 1143 spuriam
862 1094 940 1135 effe,
969 1093 1023 1127 vel
1045 1091 1159 1128 saltem
1179 1091 1257 1126 haec
1275 1089 1401 1138 adjecsta
1419 1089 1490 1132 effe,
1508 1091 1599 1126 haud
1617 1091 1762 1127 dubium
1779 1090 1895 1135 foret31

275 1152 355 1188 satis
378 1153 468 1186 enim
487 1147 614 1185 constat
634 1148 770 1183 Zozimi
787 1158 817 1182 et
834 1143 1006 1181 Bonifacii
1021 1142 1224 1189 petitionem
1242 1142 1384 1176 omnino
1404 1153 1528 1175 novam
1547 1140 1651 1176 visam
1676 1139 1756 1181 effe,
1783 1152 1814 1176 et
1830 1153 1891 1176 an-

274 1201 374 1236 tehac
398 1199 587 1234 inauditam
613 1209 686 1232 tum
712 1195 772 1241 ipsi
793 1194 1002 1240 Augustino,
1031 1204 1105 1227 tum
1132 1190 1271 1226 caeteris
1292 1189 1462 1225 Africanis
1489 1190 1668 1236 episcopis.
1721 1191 1785 1225 Sed
1813 1202 1893 1236 erga

274 1244 372 1286 villam
391 1261 460 1283 non
481 1249 523 1282 ita
541 1244 678 1281 fuiffent
697 1243 824 1281 affeffi,
852 1243 876 1278 fi
893 1243 1032 1286 antiqua
1052 1250 1084 1274 et
1100 1252 1118 1273 a
1137 1238 1204 1273 suis
1224 1239 1437 1283 temporibus
1454 1235 1675 1274 remotissima
1689 1238 1893 1285 adpellati'o.

277 1311 365 1334 num
391 1295 543 1342 exempla
567 1292 742 1334 novissent.

430 1350 475 1381 At
493 1344 515 1379 fi
536 1343 612 1389 quis
634 1339 816 1387 Augustini
837 1339 936 1375 verba
954 1348 1172 1381 mentemque
1190 1336 1340 1382 penitius
1359 1334 1541 1379 scrutetur,
1569 1337 1735 1384 intelliget
1752 1338 1834 1372 haee
1851 1337 1892 1374 ab

279 1395 471 1443 Augustino
490 1394 639 1429 oratorio
659 1403 769 1428 more,
797 1400 828 1423 et
845 1389 886 1423 ad
905 1387 1101 1433 captandam
1113 1385 1296 1420 Coelestini
1315 1387 1459 1431 gratiam
1485 1386 1546 1421 effe
1563 1386 1663 1422 digia.
1715 1387 1818 1423 Unde
1833 1399 1894 1422 an-

279 1450 376 1492 tiqua
395 1445 451 1480 illa
471 1443 623 1489 exempla
639 1442 784 1476 minime
799 1447 1060 1473 commemorat:
1090 1433 1142 1468 sed
1160 1445 1290 1468 tantum
1316 1437 1472 1477 recentia,
1500 1449 1585 1481 quae
1602 1436 1687 1471 nihil
1705 1437 1806 1472 nobis
1829 1437 1893 1472 ob.

277 1497 378 1533 sunt,
405 1505 504 1534 eum,
531 1505 568 1527 ut
584 1491 752 1526 diximus,
778 1486 986 1532 contigerint
1011 1495 1051 1518 eo
1077 1493 1246 1528 tempore,
1271 1483 1364 1526 quod
1388 1485 1577 1521 interfluxit
1601 1485 1641 1521 ab
1667 1486 1901 1533 adpellatione

281 1545 419 1593 Apiarii
437 1543 478 1578 ad
500 1542 650 1576 reditum
669 1535 910 1573 Africanorum
931 1535 1122 1580 legatorum
1141 1545 1178 1566 ex
1195 1532 1334 1567 oriente.
1387 1534 1518 1569 Deinde
1534 1548 1615 1572 vero
1635 1547 1704 1571 non
1723 1536 1804 1571 dicit
1821 1539 1895 1572 Au-

284 1594 443 1642 gustinus
461 1591 545 1627 olim
567 1589 772 1635 adpellatum
791 1585 852 1621 effe
870 1585 910 1621 ad
929 1583 1040 1619 sedem
1058 1581 1275 1628 apostolicam
1289 1607 1298 1621 ,
1324 1579 1380 1616 sed
1400 1592 1530 1618 tantum
1555 1584 1735 1620 innumera
1758 1583 1820 1620 effe
1838 1597 1894 1620 ex-

284 1644 394 1692 empla
406 1670 413 1684 ‚
440 1640 565 1687 quibus
586 1638 753 1686 probetur
770 1635 882 1671 sedem
901 1632 1119 1681 apostolicam
1135 1634 1251 1667 noxior
1272 1633 1431 1677 episcopos
1450 1632 1630 1680 ali-quando
1641 1634 1802 1681 punizſj‘e,
1828 1647 1895 1670 nen

285 1707 396 1732 tamen
421 1693 509 1728 omni
530 1692 652 1725 honore
675 1688 855 1734 episcopali
869 1684 1045 1732 spoliasse,
1081 1683 1166 1722 vel,'
1186 1681 1315 1724 inquit,
1350 1683 1421 1727 ipsa
1434 1682 1631 1728 judicante,
1673 1686 1727 1718 vel
1751 1685 1894 1720 aliorum

285 1745 440 1790 judicata
460 1740 638 1783 firmante:
664 1737 831 1784 judicante
856 1734 994 1781 quidem
1025 1730 1204 1778 episcopos
1234 1728 1309 1764 suae
1333 1732 1519 1778 metropoli
1537 1730 1720 1779 subjestos,
1746 1732 1896 1769 aliorum

287 1794 433 1841 judicata
452 1788 606 1825 firmante
623 1800 687 1834 per
704 1784 902 1822 consensum
923 1796 954 1819 et
971 1781 1253 1828 adprobationem
1265 1805 1273 1820 ‚
1302 1791 1333 1815 et
1353 1780 1527 1817 damnatos
1545 1781 1588 1817 ad
1605 1782 1638 1816 le
1655 1780 1898 1828 confugientes-

290 1843 471 1888 rejiciente.
522 1841 627 1878 Nam,
653 1849 690 1872 ut
715 1835 988 1872 observavimus,
1023 1831 1244 1875 conqueritur
1269 1828 1330 1863 hac
1363 1831 1501 1876 epistola
1518 1830 1748 1877 Augustinus,
1799 1830 1896 1877 quod

287 1896 461 1928 Romanus
479 1887 660 1935 episcopus
684 1888 873 1922 Antonium
892 1879 1115 1920 Fussalensem
1133 1879 1279 1924 benigne
1300 1879 1491 1916 audivisset:
1515 1878 1625 1926 ‘Quare
1646 1881 1724 1917 haec
1743 1882 1895 1929 exempla

288 1954 422 1976 tantum
438 1938 525 1974 abest
544 1950 579 1972 ut
600 1936 699 1971 nobis
726 1947 882 1975 noceant,
911 1932 994 1979 q'nin
1018 1933 1089 1966 imo
1113 1931 1259 1976 probant
1277 1927 1456 1965 Africanos
1485 1929 1665 1977 episcopos
1690 1944 1760 1967 non
1788 1932 1896 1968 modo

288 1991 571 2039 presbyterorum
591 1981 866 2032 inferiorumque
885 1984 1098 2021 clericorum,
1120 1978 1177 2014 sed
1194 1989 1224 2013 et
1241 1977 1482 2024 episcoporum
1497 1981 1738 2027 ad'pellationes
1754 1980 1895 2028 indigne

289 2038 406 2076 tul'iffe.
459 2037 615 2079 Denique
647 2048 713 2069 non
735 2036 816 2070 dicit
834 2031 1042 2079 Augustinus
1062 2029 1229 2067 Priscum,
1257 2026 1433 2064 Victorem
1459 2041 1490 2064 et
1507 2031 1727 2066 Laurentium
1750 2034 1895 2067 Romam

290 2085 489 2138 adpellafl'e,
517 2083 573 2119 sed
591 2095 719 2119 tantum
737 2085 877 2131 punitos
894 2096 924 2119 et
941 2080 1122 2119 mul&atos
1139 2075 1244 2115 fuisse,
1262 2076 1341 2113 licet
1356 2079 1552 2126 episcopatu
1567 2093 1638 2116 non
1654 2079 1899 2126 spoliarentur.

1765 2131 1846 2165 Hoc

373 2230 388 2246 ²
408 2227 470 2254 Hoc
488 2228 613 2260 intellige
634 2228 666 2253 de
690 2225 837 2260 episcopis,
862 2225 1025 2259 metropoli,
1058 2223 1097 2249 seu
1123 2221 1235 2249 dioecefi
1258 2220 1374 2248 Romani
1398 2219 1533 2253 pontificis
1555 2218 1693 2252 subjeffis,
1717 2218 1796 2246 nixus
1818 2225 1900 2246 auto-

415 2271 497 2296 ritate
520 2269 678 2303 disciplinae
701 2267 913 2296 ecclefiasticae,·
932 2265 1117 2300 quae-primis
1140 2265 1249 2297 vigebat
1272 2262 1398 2289 echesxae
1422 2263 1549 2293 sacculi&
1573 2270 1621 2288 nec
1644 2261 1808 2299 contrarium
1831 2270 1899 2298 pro.-

415 2312 477 2340 bate
498 2312 586 2349 potest
609 2310 772 2340 Christianus
793 2310 903 2344 Lupus,
933 2308 977 2335 cui
1001 2312 1091 2334 tannen
1115 2306 1166 2333 hoc
1188 2306 1361 2343 probandum
1382 2304 1527 2330 incumbit.
