2022 2733
301 207 807 244 DISSERTATIONES
842 207 1378 251 HISTORICAE.›D1sszar.
1398 217 1477 254 VH.
1585 230 1655 264 441

95 292 220 342 rejesta
237 295 365 330 cervice
375 293 549 337 refutasset,
569 296 727 332 dominus
746 309 802 332 rex
810 299 1018 334 Francorum
1028 300 1154 337 recessit
1169 301 1294 343 iratus,
1323 314 1355 338 et
1369 303 1582 350 indignatus,
1610 308 1704 352 quod

96 343 321 379 humilitatem
333 368 341 381 ‚
369 356 471 389 quam
483 345 613 392 semper
628 346 796 388 habuerat,
818 347 854 381 in
869 346 965 384 servo
983 347 1155 386 servorum
1173 363 1243 386 non
1261 352 1441 397 reperisset.
1494 355 1705 402 Igitur-pon*

95 392 200 433 tificis
211 393 387 438 sententia
401 406 468 440 per
493 395 652 431 mundum
677 397 865 436 volitante,
898 398 1014 441 *inquit
1039 399 1222 440 Sradenfis,
1255 401 1390 448 quidam
1411 405 1606 449 principum
1632 418 1702 441 cum

97 443 211 478 nuliis
228 444 305 476 aliis
322 442 566 484 reclamabant,
593 444 738 482 dicentes
754 445 800 479 ad
819 457 944 492 papam
962 459 1026 482 non
1047 458 1223 495 pertinere
1248 452 1479 496 imperatorem
1507 453 1701 497 instituere.

89 492 152 525 vel
170 491 365 536 destituere,
387 491 449 536 sed
467 493 600 528 elisium
617 505 638 527 a
652 493 866 540 principibus
881 508 1046 531 coronare.
1100 497 1272 541 Quamdiu
1292 506 1402 533 autem
1430 502 1521 534 vixit
1537 501 1699 536 Frederi-

97 552 168 580 cut,
195 541 308 585 inquit
323 541 555 581 Trithemius‚
580 553 644 590 per
663 554 762 576 annos
775 544 891 587 ferme
903 544 971 587 sex=
983 553 1096 579 contra
1113 557 1184 580 eum
1200 558 1256 581 nec
1269 559 1381 594 papa,
1408 559 1466 581 nec
1475 550 1696 595 aliquitprin«

96 591 205 634 cipum
220 590 420 635 praevalere
433 593 568 635 potuit3
589 588 651 634 sed
666 601 730 623 non
747 589 927 625 advertens
937 592 1139 635 sententiam
1154 606 1281 640 papae,
1306 607 1404 642 quiam
1421 598 1587 640 frivolam
1606 606 1639 632 et
1651 600 1700 633 in-

89 637 212 683 justam
228 638 293 684 effe
312 636 456 677 dicebat,
476 639 516 682 se
532 641 768 684 imperatorem
780 637 897 685 geffit,
926 650 1144 688 magnamque
1157 645 1365 687 principum,
1393 642 1639 680 nobilior-umet
1649 650 1695 680 ci-

95 691 241 723 vitatum
257 688 358 733 usque
376 685 420 720 ad
435 695 571 721 mortem
597 686 849 721 adhaerentiam
871 685 1001 723 habuit.
1052 688 1295 724 Nihilominus
1321 700 1430 725 tamen
1455 703 1473 725 a
1495 692 1699 736 quibusdam

95 733 314 780 principibus
334 747 352 769 a
370 746 461 780 papa
488 732 674 770 sollicitatis
700 745 731 770 et
754 735 866 780 pretio
890 737 1062 781 corruptis
1097 739 1269 773 Henricus
1295 737 1428 773 Hassiae
1457 750 1488 774 et
1511 742 1699 788 Turingiae

95 783 332 829 Landgravius
342 783 502 828 eligitur,
529 782 585 818 sed
605 782 667 818 isto
688 781 764 828 post
782 783 959 818 biennium
981 783 1130 823 sublato.
1157 787 1187 821 ei
1205 786 1413 822 Guilielmus
1431 788 1637 825 Hollandiae
1647 805 1700 827 co·

86 845 166 873 *mes
183 844 273 866 anno
296 839 398 874 1248.
425 830 582 867 suffestus
599 831 662 870 est.
688 831 871 867 Frederico
888 832 1144 878 Longobardis‚
1178 835 1238 880 qui
1256 833 1465 879 defecerant,
1488 839 1523 873 in
1542 840 1697 877 ordinem

93 881 290 927 redigendis
309 882 449 916 intento.

241 933 390 965 Demum
410 929 481 977 ipse
495 929 696 965 Frederieus
714 927 839 965 frustra
857 940 979 966 tentata
993 943 1071 966 cum
1099 932 1261 977 pontifice
1287 933 1575 977 reconciliatione,
1609 939 1697 973 circa

93 978 198 1014 finem
217 980 298 1013 anni
318 991 421 1023 1²50·
449 992 466 1013 e
483 980 569 1013 vivis
589 979 689 1020 abiit,
716 979 876 1014 Conrado
894 978 964 1015 filio
975 980 1169 1025 relinquens
1195 983 1376 1028 imperium
1409 985 1694 1022 FredericmHen-

90 1028 151 1071 rici
169 1027 230 1062 filii
250 1026 299 1063 sui
317 1029 384 1075 jam
402 1026 554 1063 defunsti
578 1027 649 1063 filio
679 1027 832 1064 Austriae
856 1028 1033 1070 ducatum,
1086 1041 1118 1064 et
1141 1029 1325 1068 Menfredo
1346 1034 1456 1068 notho
1478 1035 1692 1070 Tarentasiae

88 1077 334 1123 principatum.
390 1077 466 1113 Post
485 1077 584 1124 hujus
604 1089 749 1113 mortem
763 1078 950 1123 imperium
971 1078 1116 1124 praedae
1134 1077 1215 1121 fuit,
1242 1090 1274 1115 et
1290 1094 1308 1116 a
1325 1082 1441 1117 multis
1467 1081 1608 1119 subinde
1636 1096 1689 1120 oc·

88 1138 249 1173 cupatum
262 1152 270 1167 ,
300 1126 393 1161 Italia
411 1139 490 1161 vero
507 1126 603 1161 bellis
621 1139 658 1161 ac
676 1126 852 1162 discordiis
876 1126 1032 1161 civilibus
1050 1127 1170 1163 misere
1186 1141 1300 1165 vexata
1314 1129 1369 1166 est.

241 1178 362 1211 Unum
380 1176 440 1214 est,
469 1175 563 1220 quod
580 1175 736 1211 adversus
754 1189 816 1211 nos
837 1178 956 1221 urgeri
978 1174 1103 1222 posset,
1138 1179 1274 1214 concilii
1299 1177 1423 1214 scilicet
1438 1180 1691 1226 Lugdunensis,

98 1225 194 1270 quod
231 1224 387 1271 generale
422 1225 566 1265 dicitur,
620 1223 814 1260 anaoritas.
868 1227 956 1259 Cum
983 1227 1072 1260 enim
1098 1225 1132 1260 in
1158 1239 1198 1261 eo
1228 1230 1444 1263 Innocentius
1474 1241 1610 1273 quartus
1639 1230 1692 1264 ἀε-

90 1273 271 1321 positionis
291 1273 488 1310 sententiam
510 1275 545 1309 in
562 1276 590 1309 F
592 1275 781 1311 sedericum
803 1275 1061 1320 pronunciarit,
1087 1273 1212 1311 necesse
1232 1275 1278 1312 est
1303 1289 1376 1312 eam
1392 1277 1432 1313 ab
1458 1277 1518 1313 illo
1543 1279 1690 1314 concilio

91 1323 281 1371 probatam.
979 1360 981 1362 Ι

240 1371 460 1417 Respondeo‚
489 1370 683 1406 sententiam
701 1373 735 1406 in
758 1373 976 1408 Fredericum
993 1373 1094 1408 latam
1112 1384 1182 1407 non
1201 1369 1263 1407 esse
1279 1385 1297 1408 a
1313 1372 1477 1415 concilio,
1506 1373 1560 1409 sed
1581 1374 1621 1410 ab
1639 1377 1694 1410 ln-

91 1422 269 1460 nocentim
296 1420 405 1465 sicque
423 1422 611 1456 Innocentii
627 1418 706 1461 esse,
736 1433 803 1456 non
821 1421 956 1457 concilii
974 1420 1225 1467 Lugdunensis:
1254 1434 1324 1456 eam
1337 1435 1449 1464 veroa
1466 1423 1609 1458 concilio
1622 1437 1693 1460 exa-

90 1472 251 1506 minatam
270 1483 306 1504 ac
328 1468 562 1504 confirmatam
581 1482 649 1504 non
668 1467 764 1504 fuisse
789 1482 879 1505 extra
898 1470 1041 1506 dubium
1059 1469 1115 1506 est.
1170 1470 1272 1506 Unde
1287 1470 1345 1506 illa
1361 1472 1396 1506 in
1415 1471 1632 1518 inscriptione
1645 1473 1692 1508 la-

93 1530 126 1555 ta
143 1532 212 1554 non
232 1519 377 1557 dicitur,
398 1518 494 1562 sacro
514 1516 722 1563 adprobante
742 1521 898 1556 concilio,
948 1518 1005 1554 sed
1030 1531 1177 1561 tantum,
1222 1523 1320 1565 sacro
1343 1523 1522 1567 praesente
1545 1523 1690 1558 concilio.

91 1572 335 1612 Quaecumque
352 1577 463 1600 autem
481 1564 653 1611 praesente
668 1566 812 1600 coneilio
830 1565 933 1606 fiunt,
962 1579 1031 1601 non
1050 1579 1231 1612 propterea
1250 1567 1424 1603 censentur
1441 1583 1458 1604 a
1477 1571 1621 1606 concilio
1633 1570 1693 1605 fie-

90 1620 122 1655 ri
145 1627 201 1651 aut
220 1616 377 1663 probari3
406 1626 509 1659 utque
526 1614 653 1658 aliquid
671 1614 705 1647 in
723 1615 874 1649 conciliis
895 1612 1023 1649 dietum
1041 1626 1100 1650 aut
1116 1613 1245 1650 fastum
1263 1613 1496 1652 auE’toritatem
1526 1618 1690 1660 obtineat,

93 1664 216 1703 necesse
231 1665 291 1705 est,
320 1675 357 1700 ut
377 1666 411 1698 in
431 1677 470 1698 eo
494 1662 738 1703 conciliariter,
766 1675 802 1698 ut
819 1663 1029 1708 loquuntur,
1058 1664 1283 1704 examinetur,
1318 1664 1384 1700 hoc
1407 1663 1470 1702 est,
1504 1678 1540 1701 ut
1557 1679 1594 1700 re
1614 1679 1691 1701 exa.

91 1717 218 1752 minata
233 1728 251 1749 a
274 1714 411 1760 singulis
431 1712 595 1759 judicium
614 1710 759 1746 feratur:
787 1723 818 1746 at
835 1711 920 1746 nihil
936 1710 1043 1746 fimile
1059 1712 1094 1745 in
1110 1711 1176 1747 hoc
1192 1713 1331 1757 negotio
1349 1716 1493 1760 contigit
1511 1717 1545 1749 in
1560 1714 1691 1761 synodo

93 1763 328 1811 Lugdunensi,
357 1763 415 1798 ubi
433 1774 493 1796 nec
514 1759 571 1796 ista
590 1773 640 1796 res
660 1759 701 1795 ab
722 1760 888 1806 episcopis
908 1761 1091 1795 examinata
1107 1759 1169 1802 est,
1194 1773 1256 1796 nec
1273 1761 1492 1807 singularium
1512 1765 1691 1809 episcopo-

93 1826 173 1849 rum
194 1826 232 1847 ea
253 1813 294 1847 de
314 1825 350 1846 re
372 1822 452 1846 vota
471 1808 608 1845 colleaa
625 1809 715 1849 sunt,
743 1809 798 1844 sed
818 1809 928 1845 solum
946 1822 962 1844 a
983 1808 1146 1855 pontifice
1170 1809 1308 1844 condita
1331 1821 1363 1844 et
1380 1809 1462 1845 lesia
1485 1813 1520 1845 in
1545 1813 1691 1847 concilio

92 1862 264 1899 sententia.
316 1863 400 1896 Sunt
424 1861 523 1897 etiam
547 1859 702 1893 nonnulli
723 1871 738 1892 e
756 1859 943 1898 catholicis,
972 1859 1028 1902 qui
1055 1858 1235 1893 concilium
1259 1857 1347 1893 istud
1376 1860 1599 1904 Lugdunense
1622 1862 1693 1907 pri-

93 1924 189 1948 mum
208 1910 361 1956 generale
376 1907 475 1945 fuisse
495 1918 636 1953 negent,
664 1920 740 1942 cum
757 1907 952 1953 praesertim
973 1908 1002 1942 ei
1022 1907 1124 1942 desint
1141 1907 1224 1942 duae
1239 1908 1452 1943 conditiones
1476 1922 1494 1944 a
1517 1910 1691 1944 Bellartni-

96 1973 143 1996 no
158 1960 200 1994 ad
218 1958 351 1994 concilii
368 1956 648 1993 universalitatem
669 1956 860 2000 requisitae,
888 1957 1087 1992 convocatio
1107 1955 1288 2001 generalis,
1325 1968 1424 2002 atque
1450 1969 1487 1992 ut
1512 1958 1622 1992 saltem
1649 1971 1688 1992 ex

96 2009 220 2057 majori
237 2008 328 2043 orbis
345 2019 438 2053 parte
455 2007 497 2041 ad
514 2006 599 2041 illud
619 2004 769 2051 episcopi
786 2007 996 2041 conveniant.
1050 2004 1103 2040 Ad
1117 2005 1299 2040 concilium
1323 2017 1436 2040 autem
1462 2006 1689 2051 Lugdunense

96 2059 296 2094 convocavit
312 2067 442 2092 tantum
462 2057 677 2090 Innocentius
696 2067 808 2100 regem
827 2054 973 2095 Galliae,
999 2053 1222 2088 Senonensem
1241 2053 1552 2101 archiepiscopum,
1581 2062 1689 2090 etAn-

44 2142 47 2145 ,
97 2107 182 2153 gliae
210 2106 407 2151 episcopos,
460 2104 565 2139 nullas
591 2115 702 2139 autem
720 2104 845 2138 litteras
866 2103 957 2137 dedit
977 2102 1018 2136 ad
1035 2103 1211 2148 episcopos
1230 2103 1450 2140 Germaniae,
1476 2105 1684 2149 Aragoniae,

95 2154 268 2195 castellae,
297 2154 498 2194 Lusitaniae,
524 2164 562 2188 ut
574 2153 660 2187 nihil
678 2153 786 2187 dicam
804 2152 842 2186 de
860 2153 1001 2187 orientis
1018 2150 1193 2197 episcopis,
1245 2154 1285 2186 In
1312 2151 1458 2188 concilio
1482 2165 1566 2186 vero
1584 2153 1684 2198 pauci

96 2201 281 2238 adfuerunt
298 2202 449 2248 episcopi
465 2215 503 2237 ex
518 2201 639 2247 Anglia
657 2212 687 2236 et
705 2202 831 2238 Gallia,
881 2200 1039 2246 plerique
1055 2212 1118 2245 per
1139 2211 1397 2245 procuratores,
1450 2201 1536 2235 nulli
1560 2200 1686 2241 Italici,

98 2250 264 2300 Hispaniz
289 2251 455 2301 §sinan
470 2250 669 2301 mentale&
694 2262 753 2289 etc·
805 2248 1207 2343 Conciliufkcomposuit
1221 2246 1378 2298 Ροτιςέἱςζ
1393 2260 1473 2299 sum
1493 2249 1561 2286 suis
1579 2248 1689 2335 cffdi*

903 2301 938 2340 K
1568 2310 1591 2336 Π
1625 2310 1641 2345 ⁴
