1940 2728
258 217 328 250 452
487 203 559 238 DE
585 199 858 245 ANTI·Q·V·A
885 196 1190 234 ECCLESIAE
1215 196 1547 234 DISCIPLINA

209 291 303 331 esset,
330 301 397 326 tres
418 289 497 324 alias
517 287 731 335 proposuere
749 286 962 323 conditiones
974 310 982 325 ‚
1010 284 1124 331 prima
1142 294 1179 318 ut
1196 281 1365 319 absolutio
1384 296 1402 317 a
1417 281 1615 320 Bituricenii
1634 280 1816 328 archiepis·

209 353 300 387 copo
320 341 394 376 data
413 340 508 375 irrita
525 337 722 381 haberetur3
750 336 904 376 secunda,
934 345 972 370 ut
988 346 1103 370 coram
1120 333 1280 368 omnibus
1311 333 1540 369 cardinalibus
1566 332 1734 369 absolutio
1760 331 1815 366 fie-

207 402 278 428 ret,
305 400 525 433 utereturque
546 387 703 433 pontifex
718 386 871 433 virgula3
897 395 1016 422 tertia,
1041 394 1080 418 ut
1100 381 1257 429 pontifex
1276 381 1460 418 declararet
1484 384 1517 418 ie
1541 395 1657 429 regem
1682 382 1717 416 in
1740 394 1815 427 reg-

207 452 294 475 num
310 438 498 475 restituere,
527 436 618 482 quafi
640 437 680 472 ab
703 448 744 471 eo
762 449 824 482 per
844 434 1226 470 excommunicationem
1254 431 1431 469 excidisset.
1484 434 1564 468 Hoc
1589 431 1816 479 postremum,

208 488 302 533 quod
323 488 429 524 solum
448 485 573 522 dircite
591 487 764 523 autoritati
785 484 895 531 regiae
915 481 1155 519 adversabatur
1172 482 1335 529 rejecium
1356 482 1418 525 est3
1445 481 1527 517 aliae
1547 482 1630 517 duae
1650 481 1818 516 conditio-

211 549 270 572 nes
289 551 306 572 a
325 538 508 574 Petronio,
535 538 595 581 qui
613 549 686 572 rem
707 535 906 572 concludere
923 533 1055 574 avebat,
1084 531 1151 567 fine
1174 531 1278 568 olfari
1296 531 1434 567 consilio
1452 530 1606 567 admissae
1626 530 1713 566 sunt.
1767 532 1818 565 Ita

209 587 387 623 Henricus
405 590 466 623 lv.
486 583 759 621 benedifflonem
775 583 993 630 apostolicam
1009 583 1156 627 accepit,
1183 592 1220 616 ut
1236 582 1381 616 Romani
1406 579 1579 628 pontificis
1600 580 1818 616 communio-

210 638 265 677 ni,
296 649 364 670 non
382 648 562 681 utregno,
590 636 754 681 regnique
770 632 913 681 juribus,
933 631 1023 666 unde
1040 632 1183 666 minime
1200 632 1382 672 exciderat,
1410 642 1467 666 aut
1487 630 1637 665 excidere
1657 638 1818 675 potuerat

211 698 252 727 ex
281 685 416 721 decreto
442 684 613 732 pontificis
649 683 891 720 restitueretur.
944 680 1184 716 Nihilominus
1209 692 1322 716 tamen
1348 681 1532 715 Perronius
1557 680 1601 715 ob
1627 680 1707 714 alias
1732 678 1816 713 duas

207 734 434 771 absolutionis
451 734 682 773 conditiones,
713 743 745 767 et
761 733 906 766 maxime
927 730 970 766 ob
989 729 1084 764 usum
1102 730 1254 774 virgulae
1281 730 1371 775 apud
1396 730 1576 776 peritiores
1602 726 1740 763 istarum
1764 740 1818 762 re-

206 795 288 821 rum
308 784 392 818 male
407 784 532 823 audiit,
560 780 649 826 quali
669 792 785 825 regem
803 778 958 824 virgulae
975 776 1172 824 pontificiae
1197 777 1382 823 subjecisset.
1437 779 1502 812 Sed
1518 777 1716 824 hujusmodi
1734 788 1819 812 cere-

209 833 347 869 moniae
363 843 550 879 potuerunt
566 829 740 869 adhiberi,
765 829 837 862 imo
855 839 886 861 et
903 826 1001 871 saepe
1018 826 1186 860 adhibitae
1205 824 1280 860 sunt
1306 825 1347 860 ad
1369 826 1676 860 reconciliationem
1688 849 1697 865 ,
1734 838 1819 870 quae

207 881 276 917 sese
294 884 435 917 minime
451 880 491 915 ad
509 878 714 925 temporalia
732 876 903 915 extendat,
955 875 1064 920 sicque
1090 875 1301 919 aliquatenus
1327 872 1463 909 defendi
1480 872 1589 920 potest
1606 875 1763 909 Perronii
1782 875 1820 910 in

207 928 304 967 istam
322 931 556 965 conditionem
577 927 775 967 consensus,
799 938 878 961 cum
894 924 1092 971 praesertim
1110 924 1296 962 obtineret,
1321 924 1480 959 futurum
1497 921 1575 964 else,
1604 935 1640 958 ut
1660 923 1751 958 nulla
1768 936 1819 958 re-

207 978 367 1016 stituendi
385 980 471 1024 regis
488 980 524 1013 in
541 990 686 1023 regnum
703 975 801 1012 suum
820 975 947 1010 mentio
964 973 1067 1009 fieret.
1122 976 1201 1018 Quo
1222 985 1333 1020 patet,
1351 977 1523 1010 Romanos
1541 971 1634 1020 ipsos
1652 970 1822 1019 agnovisse

207 1040 288 1065 eum
311 1041 330 1064 a
347 1029 443 1074 regni
459 1028 534 1075 jure
553 1028 597 1062 ob
619 1025 1007 1063 excommunicationem
1033 1036 1104 1059 non
1129 1022 1294 1059 excidisse.

361 1078 475 1125 Objici
497 1075 604 1124 potest
626 1076 782 1111 eumdem
804 1074 1006 1109 Perronium
1024 1073 1105 1108 cleri
1134 1072 1301 1108 Gallicani
1324 1073 1464 1108 nomine
1488 1072 1522 1107 in
1547 1071 1695 1107 comitiis
1722 1072 1821 1117 regni

208 1127 369 1163 Franciae
386 1140 477 1163 anno
500 1131 605 1171 1615.
620 1125 760 1166 habitis,
788 1136 866 1159 cum
888 1124 979 1158 tertii
1001 1121 1103 1158 status
1121 1123 1186 1157 viri
1204 1123 1327 1157 vellent
1347 1121 1502 1163 definiri,
1554 1122 1590 1156 in
1616 1120 1710 1156 nullo
1741 1120 1819 1156 casu

207 1177 437 1224 juramentum
458 1177 599 1222 regibus
616 1173 813 1223 praestitum
832 1172 915 1208 solvi
934 1170 1047 1219 posse,
1075 1184 1264 1217 eorumque
1286 1170 1438 1207 subditos
1455 1170 1495 1206 ab
1507 1170 1696 1205 obedientia
1706 1172 1819 1206 eximi.

207 1227 413 1262 Petronium
426 1252 434 1267 ,
461 1228 620 1271 inquam,
648 1226 839 1260 orationem
855 1221 1021 1263 habuisse,
1050 1234 1116 1266 qua
1133 1234 1203 1257 non
1219 1221 1328 1256 modo
1349 1221 1385 1256 id
1406 1220 1540 1255 definiri
1557 1232 1628 1254 non
1649 1218 1742 1266 posse
1760 1231 1821 1255 nec

207 1275 331 1310 debere
346 1275 542 1321 persuadet,
568 1274 621 1310 sed
649 1275 747 1309 etiam
773 1272 911 1308 videtur
937 1273 972 1306 in
1001 1272 1208 1306 contrariam
1234 1271 1434 1317 opinionem
1461 1268 1678 1311 descendere,
1713 1268 1821 1304 multa

208 1324 379 1369 exempla,
433 1323 554 1358 multas
581 1321 817 1362 auRoritates,
854 1319 1045 1365 multasque
1067 1322 1215 1357 rationes
1240 1320 1410 1356 adducens
1425 1319 1466 1354 ad
1483 1318 1705 1365 probandum
1720 1329 1818 1364 reges

207 1370 302 1420 poss‘e
319 1373 354 1406 in
372 1372 449 1407 casu
466 1371 642 1406 haereseos
667 1369 852 1415 aliquando
878 1369 1020 1414 deponi.

355 1431 580 1478 Respondeo‚
607 1431 812 1466 Petronium
829 1430 865 1464 in
883 1428 942 1464 ista
963 1429 1118 1464 oratione
1137 1426 1331 1462 sententiam
1359 1425 1506 1462 nostram
1529 1426 1622 1462 haud
1640 1427 1817 1473 impugna·

208 1495 262 1524 re,
292 1482 349 1518 sed
365 1483 429 1516 hoc
447 1494 555 1518 unum
570 1480 739 1521 laborare,
769 1491 809 1513 ne
827 1479 996 1514 contraria
1015 1476 1175 1511 sententia
1193 1476 1366 1510 haereseos
1385 1487 1542 1514 notetur,
1569 1489 1601 1510 et
1611 1476 1729 1510 eodem
1740 1488 1815 1511 mo-

208 1534 254 1568 do
266 1532 498 1578 proscribatur
515 1543 550 1566 ac
570 1542 690 1565 eorum
708 1529 829 1574 opinio
841 1552 849 1567 ,
877 1527 936 1571 qui
952 1526 1218 1570 regemimpune
1235 1523 1628 1570 interficipoffeaiaebant.
1680 1528 1730 1559 En
1743 1525 1814 1572 ejus

207 1582 326 1618 verba:
357 1583 522 1615 Pom-tant
532 1580 665 1613 vouloit·
682 1579 810 1612 ene-lore
828 1584 913 1610 cette
930 1576 1034 1619 clause
1049 1586 1089 1608 en
1108 1575 1140 1608 la
1158 1572 1257 1608 me⁴me
1274 1573 1462 1622 obligation
1478 1573 1522 1608 de
1532 1576 1614 1621 foy,
1643 1583 1676 1609 et
1694 1575 1763 1617 [bus
1782 1576 1814 1610 le

208 1631 309 1667 me'me
324 1630 436 1664 decret
454 1628 680 1666 d'anatlw‘me,
701 1628 780 1670 sous
797 1625 905 1672 lequel
922 1636 1001 1659 nous
1019 1621 1212 1666 confirmans
1230 1624 1263 1656 la
1284 1622 1540 1658 condamnation
1556 1623 1596 1658 de
1623 1635 1722 1661 ceux,
1755 1625 1816 1672 qui

208 1688 376 1716 attentent
395 1679 414 1711 ὰ
432 1679 464 1712 la
476 1680 532 1711 vie
549 1677 601 1710 des
615 1677 714 1715 Rois,
756 1673 824 1720 c'est
850 1672 979 1708 tomber
996 1684 1036 1707 en
1055 1680 1174 1720 quatre
1191 1671 1383 1718 manifestes
1399 1674 1633 1708 inconveniens
1645 1697 1654 1714 ,
1681 1684 1742 1721 que
1757 1685 1817 1708 no-

203 1730 274 1777 stre
291 1726 450 1763 Clzambre
468 1725 529 1761 m'a
549 1723 657 1760 donne·
676 1724 799 1772 charge
818 1722 860 1757 de
877 1734 958 1758 vous
974 1723 1196 1768 representer.

357 1788 460 1831 Quod
479 1787 500 1821 fi
523 1786 707 1822 Perronius
725 1784 883 1819 videatur
900 1783 1061 1819 inclinare
1078 1783 1114 1818 in
1132 1780 1321 1829 oppositam
1337 1782 1534 1819 sententiam
1546 1809 1554 1824 ,
1588 1783 1623 1820 id
1648 1781 1736 1820 fecit¹
1747 1797 1816 1831 pro

206 1852 304 1874 more
320 1849 512 1878 oratorum,
541 1837 601 1881 qui
618 1835 734 1870 omnia
752 1844 965 1879 exaggerant.
1021 1832 1139 1875 Ipsum
1160 1844 1240 1867 vero
1259 1831 1292 1866 in
1313 1845 1351 1867 ea
1368 1834 1532 1878 opinione
1547 1846 1582 1868 re
1610 1845 1688 1868 vera
1711 1832 1812 1869 fuiffe

205 1888 297 1923 haud
313 1887 530 1927 crediderim,
557 1896 615 1920 aut
629 1882 755 1919 etiamsi
774 1881 906 1924 fuisset,
932 1894 989 1918 aut
1008 1881 1068 1917 effe
1087 1880 1118 1916 se
1138 1878 1327 1918 simulasset,
1355 1881 1445 1916 haud
1466 1884 1602 1921 mirum,
1617 1895 1694 1918 cum
1707 1884 1818 1918 cardi-l

206 1938 290 1972 nalis
309 1935 460 1970 ecclesiae
473 1938 645 1970 Romanae
662 1931 786 1973 fuerit,
814 1944 845 1967 et
863 1934 897 1967 in
916 1933 989 1967 aliis
1007 1929 1217 1966 libertatibus
1235 1930 1385 1965 ecclesiae
1402 1931 1595 1967 Gallicanae
1611 1944 1679 1973 non
1696 1931 1811 1968 admo-

206 1986 291 2021 dum
308 1997 436 2029 aequus
459 1984 620 2018 extiterit:
649 1982 796 2026 denique
813 1981 1056 2016 attendendum
1073 1980 1134 2018 est,
1161 1991 1228 2014 non
1249 1981 1329 2024 quid
1348 1979 1416 2025 ipse
1437 1981 1575 2023 dixerit,
1600 1980 1658 2017 sed
1669 1982 1811 2027 quiddi-

206 2048 279 2071 cete
298 2036 332 2068 in
352 2033 518 2068 mandatis
536 2032 710 2068 habuerit:
738 2031 805 2066 hoc
822 2042 934 2066 autem
955 2044 991 2066 ex
1008 2030 1118 2067 verbis
1137 2041 1213 2064 mox
1239 2028 1348 2064 relatis
1366 2030 1483 2075 liquet.

353 2096 471 2136 Dices,
500 2107 569 2129 non
586 2094 693 2130 modo
715 2094 913 2133 Perronius.
940 2093 995 2129 sed
1014 2104 1044 2128 et
1060 2091 1233 2128 universus
1252 2091 1358 2128 clerus
1379 2093 1582 2132 Gallicanus,
1598 2093 1695 2130 cuise
1705 2092 1810 2130 facul-'

205 2158 254 2182 tas
271 2145 440 2193 adjunxit,
469 2143 534 2179 sese
558 2143 726 2190 opposuit
751 2144 840 2179 tertii
867 2143 1001 2179 ordinis
1023 2144 1173 2180 conatui,
1210 2143 1404 2186 vetuitque,
1433 2155 1476 2177 ne
1493 2156 1530 2179 ut
1546 2143 1708 2178 haeretica
1727 2156 1808 2188 pro-

206 2196 410 2231 scriberetur
428 2194 506 2228 haec
525 2195 663 2238 opinio,
691 2194 773 2229 dum
793 2191 899 2228 emisit
916 2204 1010 2232 vota,
1045 2192 1223 2227 articulum
1251 2193 1339 2226 tertii
1373 2189 1471 2226 status
1494 2191 1643 2227 constare
1664 2193 1748 2226 dixit
1767 2206 1806 2228 ex

203 2243 501 2293 propositionibus
520 2255 590 2279 non
606 2241 745 2282 curiosis
762 2241 884 2286 mod-0,
920 2241 976 2279 sed
1005 2251 1036 2278 et
1065 2240 1205 2282 vitiosis,
1240 2240 1515 2288 probletnnticis.
1546 2254 1579 2278 ct
1601 2243 1808 2280 inconcinne

1668 2290 1758 2338 dlget
