1961 2718
294 187 365 248 35⁶
532 198 604 236 DE
629 197 912 245 ANTIQUA
938 193 1224 233 ecetssstaz
1248 194 1583 237 msciemNA

245 291 310 326 bus
331 288 397 325 sese
414 303 534 328 mutuo
558 289 749 326 interficere
765 287 932 333 bonisque
949 284 1113 332 spoliare;
1141 285 1319 330 quomodo
1337 283 1444 331 posset
1461 298 1587 322 nomen
1606 285 1771 323 societatis
1792 286 1858 322 obs

249 341 356 374 tinere
375 341 558 376 hominum
579 343 666 375 inter
685 339 715 373 se
732 350 929 374 coeuntium
949 335 1137 371 inordinata
1157 335 1357 375 multitudo,
1396 331 1534 369 confusa
1557 338 1674 374 turba,
1712 336 1771 371 ubi
1799 348 1858 370 ne·

247 403 305 425 mo
324 391 419 426 audit
436 392 627 426 neminem:
655 388 744 436 Nisi,
772 389 881 432 inquit
898 385 1160 433 Chryiostomus
1185 384 1303 419 homil.
1333 385 1372 418 de
1398 384 1529 424 statuis,
1562 387 1702 421 refloret
1731 388 1860 420 civita-

247 451 316 477 tum
332 440 454 486 effent,
477 443 642 488 seriorem
655 441 748 486 feris
764 441 868 472 vitam
886 440 1091 474 viveremus,
1120 446 1184 468 non
1199 434 1385 468 mordentes
1403 443 1554 471 tantum,
1581 434 1638 477 sed
1654 444 1686 468 et
1697 443 1860 479 vorantes

245 492 328 525 alios
347 492 429 524 alii:
459 491 536 525 tolle
556 489 763 524 tribunalia,
792 496 825 522 et
843 498 966 521 omnem
983 484 1023 519 de
1043 487 1117 519 vita
1133 486 1418 531 tranqquitatcm
1437 483 1630 530 absiztleri55
1657 483 1744 530 quod
1768 484 1861 518 enim

247 542 287 574 in
313 538 460 574 domibus
471 541 616 585 faciunt
632 540 805 584 tignorum
824 537 1111 583 contignationes,
1137 533 1193 568 hoc
1207 535 1379 579 principes
1398 536 1434 567 in
1452 531 1667 569 civitanhun
1694 541 1728 566 et
1737 529 1865 579 ficutfi

244 590 319 623 illas
330 588 522 634 sustuleris,
549 588 701 634 diffoluti
716 589 866 632 parietes
883 586 986 630 perse
1005 591 1182 621 corruunt,
1226 581 1272 628 fic
1297 582 1320 626 si
1346 593 1386 617 ex
1406 583 1527 616 nmndu
1550 583 1724 628 principes
1744 581 1862 621 tollas,

244 647 278 672 et
301 639 417 672 livi-um
436 646 572 677 metum,
601 645 633 671 et
653 635 782 671 domus,
808 642 841 668 et
864 636 1037 671 civitates,
1066 640 1099 666 et
1115 640 1235 679 gentes
1269 644 1337 665 cum
1364 633 1467 666 multa
1485 633 1575 665 inter
1586 631 1622 675 se
1633 632 1772 665 licentia
1791 640 1859 664 cor-

244 695 365 723 ruent,
393 699 461 721 cum
483 699 573 721 nemo
583 685 640 732 fit,
656 687 716 732 qui
734 686 903 718 contineat
923 691 956 717 et
975 682 1135 727 repellat,
1189 689 1222 715 et
1242 691 1367 726 poenae
1384 682 1505 714 timore
1528 683 1669 726 quietem
1692 686 1862 726 procuret.

247 738 336 770 Cum
358 747 440 779 ergo
461 734 550 768 solus
569 737 660 768 Deus
683 735 791 772 vitae,
819 731 1062 773 bonorumque
1081 727 1275 763 nostrorum
1293 727 1445 764 summus
1466 727 1503 762 fit
1524 729 1705 769 dominus,
1733 725 1860 762 neceffe

247 784 310 824 est,
341 795 376 818 ut
394 782 566 828 potcstatis
579 782 678 827 hujus
689 792 818 825 partem
829 779 1010 813 contulerit
1030 779 1087 816 iis,
1115 778 1175 820 qui
1195 777 1367 811 societates
1388 778 1502 811 civiles
1523 790 1665 821 regunt,
1693 789 1730 811 ac
1741 776 1861 822 proin-

246 834 288 868 de
308 833 389 866 [ἶνες
408 844 523 877 reges,
551 830 617 864 five
636 829 865 873 magistratus,
895 826 961 860 sive
980 825 1172 871 principes,
1201 824 1267 858 sive
1285 825 1435 869 populus
1462 825 1638 859 universus
1666 824 1862 871 potestatem

245 883 335 917 issam
355 892 540 919 exerceant,
570 877 694 912 necesse
713 876 757 912 est
777 889 849 910 eam
867 888 884 909 a
903 877 995 912 Deo,
1025 875 1084 917 qui
1106 872 1196 907 solus
1218 873 1310 907 illam
1332 873 1530 908 hominibus
1542 873 1725 908 concedere
1744 873 1862 920 potest,

247 933 281 966 in
306 929 399 970 iosos
426 929 620 963 immediate
650 927 806 960 derivari.
859 927 941 959 Hoc
961 923 1194 969 principium,
1216 922 1310 967 quod
1338 922 1470 957 lumine
1497 923 1641 957 naturali
1667 935 1787 958 notum
1808 922 1864 960 est.

246 971 333 1019 cum]
362 991 400 1013 ut
418 978 572 1013 observat
591 979 621 1012 S.
641 974 851 1021 Augustinus
871 974 928 1008 lib.
951 984 980 1016 3.
997 970 1129 1007 confeff.
1153 984 1176 1005 c.
1200 978 1228 1010 8.
1255 973 1413 1019 generale
1427 973 1559 1020 pac‘lum
1568 973 1795 1020 sttJocietatis
1807 973 1865 1008 ltu-

248 1040 365 1065 manae
383 1028 519 1063 obedire
537 1025 675 1074 regibus
688 1028 779 1070 suis,
807 1022 973 1058 inculcant
991 1021 1148 1068 apostoli.
1180 1022 1300 1057 taulus
1320 1021 1457 1065 quidem
1485 1025 1584 1056 Rom.
1610 1033 1661 1066 13.
1697 1034 1728 1056 v.
1753 1034 1780 1056 1.
1809 1021 1863 1056 his

248 1077 372 1112 verbis.
427 1076 539 1112 Omnis
559 1079 670 1109 anima
687 1072 903 1120 potestatibus
922 1070 1167 1114 sublimioribus
1180 1070 1321 1116 subdita
1335 1071 1400 1118 sit,
1452 1084 1516 1106 non
1544 1071 1586 1117 est
1612 1074 1698 1105 enim
1723 1070 1865 1117 potestas

248 1127 309 1176 nist
328 1139 347 1161 a
374 1126 465 1165 Deo,
519 1136 601 1171 quae
620 1133 728 1158 autem
741 1127 839 1168 sunt,
875 1135 894 1157 a
920 1121 992 1156 Deo
1011 1121 1190 1155 ordinatae
1207 1122 1291 1161 l'unt.
1345 1121 1463 1166 Itaque
1478 1123 1536 1168 qui
1552 1121 1709 1166 potestati
1726 1119 1862 1167 rissllit.

248 1176 320 1211 Dei
336 1175 545 1211 ordinationi
569 1173 703 1220 refistit,
729 1175 789 1220 qui
807 1180 916 1206 autem
933 1170 1099 1217 refistunt‚
1116 1170 1173 1216 ipsi
1196 1168 1255 1214 fibi
1274 1169 1517 1204 damnationem
1533 1172 1712 1217 acquirunt
1739 1194 1748 1204 .
1777 1195 1786 1203 .
1816 1195 1824 1204 .
1853 1197 1861 1205 .

250 1226 321 1260 Dei
339 1227 427 1259 cuim
447 1222 594 1268 minister
614 1222 656 1269 est
675 1221 739 1256 tibi
755 1224 789 1255 in
807 1219 942 1259 bonum,
971 1232 1036 1254 mm
1052 1222 1139 1254 enim
1158 1218 1230 1264 fine
1256 1220 1347 1263 causa
1363 1219 1519 1265 gladium
1541 1227 1676 1265 portat.
1712 1218 1864 1264 minister

250 1276 333 1308 enim
352 1274 393 1317 esi
409 1272 477 1306 Dei
501 1274 537 1304 in
553 1274 637 1304 iram
661 1274 708 1305 ei.
736 1273 794 1316 qui
810 1271 929 1303 malum
946 1272 1041 1316 agit3
1069 1266 1206 1315 ideo'que
1217 1267 1353 1312 subditi
1371 1269 1467 1313 estote
1479 1293 1487 1308 ‚
1516 1269 1700 1312 nonsolum
1712 1276 1863 1314 propter

249 1326 351 1360 iram,
374 1320 436 1364 sed
454 1321 551 1353 etiam
572 1327 713 1364 propter
732 1319 971 1360 conscientiam.
1028 1317 1091 1349 Cui
1110 1317 1290 1349 concinens
1307 1319 1343 1349 Β.
1364 1319 1482 1349 Petrus
1503 1329 1553 1360 ep.
1582 1328 1693 1360 neap.
1712 1327 1743 1349 2.
1758 1328 1788 1349 ν.
1806 1328 1816 1348 1
1829 1326 1860 1359 3.

248 1368 419 1412 Sizbieb‘ii,
447 1368 574 1411 inquit,
603 1367 698 1412 estote
716 1368 803 1399 omni
822 1373 997 1398 creaturae
1014 1372 1155 1410 propter
1171 1364 1299 1402 Deum,
1325 1364 1392 1406 sive
1411 1367 1490 1411 regi
1513 1363 1601 1410 quast
1619 1362 1863 1410 praecellenti.

249 1419 315 1463 live
335 1416 469 1452 ducibus
486 1425 650 1463 tamquam
669 1414 709 1448 ab
730 1426 764 1449 eo
781 1413 877 1459 miffis
895 1413 938 1446 ad
958 1412 1141 1446 vindiHam
1157 1413 1406 1457 malefaHorum
1418 1436 1426 1448 ‚
1453 1413 1584 1447 laudem
1605 1424 1682 1448 vero
1691 1413 1859 1454 bonorum,

252 1470 331 1515 quia
341 1467 386 1514 fic
402 1466 443 1512 est
462 1467 611 1500 voluntas
629 1464 707 1499 Dei.
763 1463 873 1505 igitur
893 1460 1035 1505 potestas
1055 1460 1253 1504 temporalis
1272 1459 1335 1493 sive
1355 1473 1493 1505 regum,
1522 1460 1587 1496 five
1606 1460 1863 1507 magistratuum

253 1514 326 1550 esta
346 1518 435 1552 Deo.
465 1515 524 1558 qui
545 1513 635 1547 illam
658 1511 736 1557 ipsis
758 1508 943 1546 commisit,
971 1520 1007 1542 ut
1026 1511 1160 1553 egregie
1180 1507 1280 1542 habet
1297 1507 1416 1542 a'ufiior
1433 1508 1513 1544 libri
1542 1509 1738 1556 sapientiae,
1773 1523 1801 1545 c.
1827 1514 1860 1547 6.

251 1577 282 1600 v.
303 1576 335 1605 4.
354 1577 384 1597 et
405 1575 434 1605 5.
489 1563 674 1604 Quoniam,
701 1560 812 1603 inquit
832 1569 928 1603 reges
947 1557 1143 1601 alloquens,
1171 1557 1252 1592 data
1275 1557 1315 1604 est
1334 1570 1352 1591 a
1369 1557 1659 1605 dominopntelias
1678 1559 1788 1600 vobis,
1827 1568 1861 1595 et

250 1617 363 1648 virtus
379 1612 418 1646 ab
439 1611 603 1657 altiſjinzr),
632 1612 690 1656 qui
709 1607 940 1654 interrogabit
959 1618 1060 1653 opera
1079 1606 1202 1652 vestra,
1239 1617 1272 1642 et
1293 1604 1510 1654 cogitationes
1528 1607 1752 1652 scrutabitur,
1780 1621 1861 1657 quo-

249 1665 359 1698 niam,
386 1672 456 1694 cum
475 1661 580 1706 effetis
598 1658 741 1702 ministri
758 1661 856 1705 regni
874 1658 983 1696 illius,
1011 1668 1075 1690 non
1095 1656 1180 1690 reffe
1199 1656 1383 1702 judicastis.

403 1713 629 1753 Quapropter
648 1719 725 1741 cum
745 1705 833 1740 solus
852 1708 943 1739 Deus
961 1717 1056 1752 reges
1076 1703 1252 1741 constituat
1265 1730 1272 1744 ,
1301 1706 1342 1738 ica
1363 1704 1452 1740 solus
1472 1706 1518 1740 eis
1546 1718 1690 1753 regnum
1709 1709 1860 1744 adimere

250 1757 377 1807 potest,
406 1758 509 1802 idque
527 1756 621 1802 saepe
639 1757 672 1790 in
693 1756 797 1790 veteri
817 1754 1012 1792 testamento
1031 1754 1162 1789 docuit:
1190 1757 1320 1799 Regum
1345 1767 1372 1788 1.
1402 1766 1429 1790 c.
1462 1768 1514 1790 10.
1542 1757 1677 1792 Samuel
1705 1759 1788 1793 dixit
1817 1757 1860 1793 ad

251 1808 346 1845 Saul:
397 1807 479 1842 Ecce
495 1805 597 1842 unxit
617 1815 651 1841 te
667 1805 815 1840 dominus
826 1805 929 1850 super
943 1804 1183 1839 haereditatem
1202 1806 1298 1848 suam
1327 1807 1362 1838 in
1385 1807 1588 1850 principem,
1641 1815 1674 1840 et
1703 1806 1862 1842 liberabis
1889 1827 1894 1831 ·

249 1859 405 1905 populum
421 1858 513 1899 suum
533 1855 574 1890 de
585 1853 736 1890 manibus
753 1856 980 1892 inimicorum,
1006 1856 1065 1902 qui
1083 1856 1119 1888 in
1143 1855 1284 1887 circuitu
1302 1855 1371 1899 ejus
1386 1856 1481 1895 sunt,
1509 1863 1543 1888 et
1565 1855 1624 1889 lzoc
1640 1854 1859 1904 tibifignum,

249 1910 329 1955 quia
346 1909 446 1940 unxit
461 1915 495 1940 te
512 1905 606 1940 Deus
623 1907 662 1939 in
677 1906 879 1950 principem,
907 1914 938 1937 v.
958 1914 1012 1945 24.
1066 1905 1108 1937 Et
1124 1903 1168 1936 ait
1185 1903 1315 1935 Samuel
1332 1903 1373 1936 ad
1391 1914 1528 1937 omnem
1540 1903 1731 1949 populum:
1761 1907 1858 1941 Certe

248 1956 394 1993 videtis,
421 1966 513 2002 quem
532 1955 636 2001 elegit
654 1954 822 1992 dominus,
849 1955 1001 2000 quoniam
1019 1951 1134 1998 nonsit
1149 1951 1262 1998 fimilis
1284 1952 1338 1985 illi
1355 1955 1391 1986 in
1407 1954 1499 1986 omni
1503 1955 1638 2000 populo.
1693 1952 1858 2002 Ejusdem

249 2000 328 2038 libri
347 2015 403 2044 ²4·
423 2015 452 2036 v.
472 2014 504 2046 7.
555 2003 663 2037 Dixit
679 2002 802 2036 David
821 2000 866 2034 ad
882 2004 972 2035 vires
985 2004 1080 2046 Juos:
1104 2002 1270 2048 propitius
1285 1999 1331 2046 fit
1355 2001 1438 2035 milii
1460 2001 1630 2042 dominus,
1665 2014 1708 2037 ne
1731 2006 1858 2048 faciam

251 2054 332 2087 hanc
351 2064 419 2086 rem
438 2051 567 2086 domino
587 2062 653 2085 meo
673 2049 799 2095 Christo
821 2049 959 2086 domini,
988 2060 1028 2086 ut
1045 2053 1173 2084 mittam
1191 2061 1322 2083 manum
1340 2062 1458 2089 meam,
1486 2053 1567 2098 quia
1583 2051 1731 2097 Christus
1749 2052 1855 2086 domi.

250 2105 289 2136 ni
307 2102 366 2147 esi,
396 2109 427 2134 et
445 2102 623 2148 confregit
638 2098 761 2133 David
779 2101 871 2132 viros
880 2100 954 2143 suos
969 2098 1184 2143 sermonibus,
1212 2107 1243 2132 et
1262 2110 1326 2132 non
1344 2099 1495 2145 permifit
1518 2102 1584 2140 eis,
1617 2109 1657 2135 ut
1674 2101 1857 2149 consurge-

253 2159 330 2185 rent
348 2152 385 2184 in
403 2149 486 2184 Saul
512 2175 669 2184 .....
696 2148 776 2181 Non
796 2148 971 2182 extendam
989 2159 1119 2182 manum
1138 2150 1174 2180 in
1194 2147 1360 2181 dominum
1378 2159 1498 2185 meum,
1523 2151 1604 2194 quia
1627 2148 1775 2195 Christus
1795 2149 1856 2184 do-

253 2202 336 2234 mini
355 2198 413 2244 est,
440 2210 557 2232 manus
575 2206 685 2232 autem
701 2208 770 2230 mea
786 2197 906 2242 nonsit
923 2200 958 2231 in
975 2206 1028 2233 te:
1080 2195 1239 2244 Ejusdem
1258 2196 1316 2230 lib.
1341 2207 1368 2231 c.
1390 2199 1446 2230 26.
1497 2197 1554 2231 Ne
1571 2196 1753 2240 interficias
1770 2209 1855 2237 eume

249 2251 321 2296 quis
343 2250 428 2282 enim
448 2247 604 2282 extendit
621 2258 749 2282 manum
757 2246 855 2291 suam
874 2248 910 2282 in
920 2246 1083 2294 Christum
1110 2245 1245 2282 domini.
1263 2253 1296 2281 et
1313 2248 1468 2282 innocens
1484 2246 1580 2282 erit?
1606 2246 1654 2282 Et
1673 2246 1765 2282 dixit
1780 2246 1855 2283 Da·

1719 2295 1800 2338 vid.
