1961 2718
292 215 362 249 404
553 197 623 235 DE
650 192 927 237 ANTIQUA
954 186 1231 228 EchESIAE
1255 185 1592 223 mscxPLxNA

245 304 320 329 rum
338 300 458 326 notum
477 283 607 327 fuiffet,
634 282 852 332 protulissent
869 279 956 317 illud
973 276 1132 314 monachi
1158 274 1492 317 Sammedardenses,
1525 287 1585 312 nec
1609 269 1857 310 contradixisset

245 339 400 392 Jossenus
417 335 662 374 Sueffionenfis.
1580 346 1584 355 .

396 391 490 430 Quae
505 398 584 422 cum
603 386 648 420 ita
663 382 744 424 fint,
771 393 838 417 non
857 378 993 415 videtur
1007 376 1154 413 multum
1172 373 1396 410 laborandum
1420 374 1455 408 in
1473 371 1666 420 explicanda
1691 369 1859 410 formula,

247 452 334 487 quae
352 437 545 486 subjicitur,
560 435 591 483 fi
610 436 683 483 quis
705 443 784 467 vero
804 442 921 479 regum
945 438 1005 464 etc.
1031 427 1154 461 honore
1177 427 1233 469 luo
1256 426 1432 470 privetur.
1483 422 1725 458 Nihilominus
1751 431 1861 455 tamen

247 492 330 526 haec
349 501 420 524 non
435 484 606 524 astruunt,
634 482 850 527 Gregorium
879 478 941 514 fibi
968 472 1143 522 usurpalse
1176 485 1296 520 regum
1333 471 1614 519 deponendorum
1645 467 1861 517 potestatem3

251 540 328 585 quis
347 538 438 572 enim
456 548 524 570 non
543 533 650 569 statim
669 530 850 576 intelligat,
883 528 966 563 haec
985 526 1086 562 verba
1103 523 1319 570 imprecantis
1336 523 1450 569 potius
1467 520 1531 556 esse
1558 533 1660 566 quam
1689 521 1862 565 imperan-

252 592 313 628 tiS,
339 589 385 622 ita
400 595 439 620 ut
459 582 646 630 significent
663 592 816 620 tantum,
844 588 963 624 optare
993 575 1221 619 Gregorium‚
1247 583 1285 606 ut
1312 585 1428 616 reges,
1457 572 1517 619 qui
1540 570 1765 618 privilegium
1791 580 1810 603 a
1830 565 1864 602 se

253 638 369 673 datum
394 634 614 670 violaverint,
639 633 750 666 Deum
769 628 940 662 vindicem
963 624 1125 660 habeant,
1159 633 1190 657 et
1214 633 1319 667 regno
1344 621 1404 656 suo
1430 622 1621 667 priventur.
1676 617 1781 662 Quod
1809 628 1866 662 ge·

253 698 319 722 nus
337 683 593 731 imprecationis
611 691 699 715 nunc
718 677 798 712 addi
821 676 902 711 solet
921 673 1078 709 extremis
1105 671 1277 706 bullarum
1304 682 1335 706 et
1355 670 1639 705 constitutionum
1669 667 1800 702 verbis:
1828 666 1867 700 Si

255 738 328 786 quis
345 736 401 770 hoc
417 740 590 768 attentare
606 728 887 776 praesumpserit,
915 723 1170 770 indignationes
1187 722 1422 766 omnipotentis
1445 719 1537 760 Dei,
1565 731 1602 753 ac
1624 717 1791 753 beatorum
1809 715 1867 750 Pe-

255 787 309 821 tri
327 796 363 818 ac
381 783 479 818 Pauli
504 780 719 826 apostolorum
747 779 905 809 incurrat
921 772 1012 809 ,vel
1038 770 1244 814 incursurum
1259 770 1296 813 se
1313 772 1411 811 Jciat.
1465 768 1681 813 Imprecandi
1699 763 1869 801 formulae

255 845 357 881 pares
377 831 598 866 inveniuntur
617 828 652 860 in
672 822 817 859 concilio
834 820 1006 854 Toletano
1033 819 1094 852 lv.
1118 828 1145 851 c.
1167 828 1224 860 75.
1241 827 1272 850 et
1288 817 1348 851 Vl.
1366 828 1394 850 c.
1417 827 1495 849 ιιι.
1520 827 1580 850 nec
1596 828 1667 849 non
1685 817 1770 853 vu.
1788 825 1816 849 c.
1840 825 1870 848 1.

257 895 298 919 ac
315 882 452 916 demum
469 879 565 912 Vlll.
588 886 614 909 c.
637 886 692 907 10.
720 884 750 906 et
769 871 841 905 aliis
859 871 893 903 in
920 868 1017 902 locis,
1070 865 1188 901 Alium
1213 876 1294 900 vero
1318 862 1452 899 sensum
1480 876 1551 899 non
1578 861 1714 910 possunt
1745 862 1870 896 habere

257 931 362 966 verba
380 926 552 975 privilegii
569 923 691 970 hujus,
718 918 896 956 ostendunt
920 916 1107 961 sequentia:
1159 917 1302 950 omnium
1339 912 1607 949 malediHionum
1638 912 1871 951 anathemate,

258 979 378 1028 quihus
396 975 551 1019 infideles
569 982 600 1008 et
617 972 777 1007 haeretici
794 969 834 1004 ab
853 969 953 1003 initio
969 964 1104 1012 saeculi]
1120 965 1220 1012 usque
1245 967 1283 998 in
1313 965 1468 1010 praesens
1499 963 1651 998 damnati
1671 963 1773 1007 sunt,
1801 972 1871 995 cum

258 1028 357 1071 Juda
374 1025 546 1062 traditore
564 1022 693 1057 domim·
708 1023 744 1054 in
760 1021 896 1065 inferno
914 1017 1076 1062 inferiori
1092 1014 1281 1049 damnetur.
1336 1014 1431 1055 Quae
1448 1011 1550 1047 verba
1567 1023 1636 1046 non
1655 1009 1792 1057 pofl'unt
1810 1007 1875 1043 effe

259 1077 423 1126 jubentis,
451 1085 528 1108 cum
546 1067 702 1118 pontifex
719 1080 788 1103 nou
807 1066 925 1101 habeat
944 1062 1142 1111 potestatem
1169 1062 1326 1097 homines
1352 1061 1552 1102 damnandi,
1586 1071 1617 1096 et
1644 1060 1696 1095 his
1718 1059 1773 1094 vel
1806 1059 1874 1093 illis

259 1125 390 1163 inferni
407 1123 527 1170 poenis
545 1118 731 1158 afficiendi,
757 1116 814 1152 sed
833 1113 1013 1150 necessario
1029 1113 1106 1148 iunt
1124 1111 1276 1147 hominis
1304 1111 1454 1146 divinam
1479 1107 1663 1145 vindiCiam
1685 1110 1874 1154 imprecan-

260 1177 316 1212 tis.
368 1174 463 1209 Idem
482 1170 664 1206 dicendum
691 1168 732 1203 de
755 1165 845 1207 istis,
872 1164 1006 1199 honore
1031 1162 1093 1198 suo
1119 1163 1294 1208 privetur,
1337 1161 1448 1195 divina
1475 1158 1600 1195 seilicet
1632 1156 1783 1193 vindista
1806 1169 1876 1192 non

261 1221 436 1272 pontificis
454 1219 550 1269 juffu.
605 1219 702 1255 Adeo
721 1217 830 1253 enim,
849 1225 887 1249 ut
904 1214 1079 1250 videmus,
1097 1212 1138 1246 ab
1158 1223 1194 1245 ea
1217 1209 1413 1245 crudelitate
1431 1207 1497 1244 fuit
1521 1209 1648 1244 alienus
1667 1207 1879 1253 Gregorius,

262 1286 302 1308 ut
320 1271 465 1308 noluerit
482 1271 517 1304 in
535 1267 734 1315 cujusquam
750 1265 903 1300 hominis
921 1273 1067 1298 mortem
1085 1259 1270 1296 consentire
1295 1259 1336 1294 ad
1362 1258 1610 1305 Longobardos
1637 1256 1815 1304 religionis
1845 1265 1878 1290 et

262 1321 350 1358 sedis
370 1319 446 1355 suae
463 1317 574 1353 hostes
595 1315 765 1350 delendos.

414 1367 546 1403 Eodem
568 1363 672 1399 modo
691 1358 885 1407 explicanda
900 1356 944 1392 est
964 1356 1078 1392 fimilis
1097 1353 1265 1395 formula,
1294 1356 1428 1399 quaein
1453 1354 1636 1400 privilegio
1664 1352 1877 1389 Xenodochii

265 1413 577 1466 Augustodunenfis
599 1410 769 1458 reperitur
787 1409 838 1442 his
857 1407 970 1443 verbis
989 1415 1165 1450 concepta:
1200 1405 1240 1439 Si
1263 1406 1334 1451 quis
1353 1415 1489 1453 regum,
1518 1403 1726 1448 sacerdotum
1742 1427 1751 1440 ‚
1780 1403 1877 1450 judi-

265 1481 356 1506 cum,
377 1468 657 1514 personarumque
666 1460 885 1506 saecularium
904 1458 985 1491 lianc
1001 1454 1244 1498 constitutionis
1259 1453 1384 1498 nostrae
1413 1455 1580 1499 paginam
1604 1456 1782 1501 agnoscens
1807 1464 1878 1487 con·

265 1527 325 1554 tra
342 1528 412 1552 eam
430 1517 550 1550 venire
572 1512 781 1548 tentaverit,
806 1506 975 1553 potestatis
987 1508 1069 1548 Juae
1088 1503 1283 1547 honorisque
1299 1500 1477 1548 dignitate
1499 1510 1630 1541 careat,
1664 1512 1820 1548 reumque
1839 1502 1878 1545 se

266 1566 387 1603 divino
398 1564 529 1611 judicio
545 1560 685 1605 existere
710 1558 750 1592 de
765 1561 966 1602 perpetrata
994 1553 1178 1598 iniquitate
1201 1550 1387 1596 cognoscat.
1437 1552 1528 1584 Tres
1560 1561 1670 1584 extant
1703 1549 1879 1595 epistolae,

267 1617 304 1651 in
321 1613 446 1660 quibus
472 1608 558 1646 istud
582 1607 805 1655 privilegium
831 1614 907 1638 cum
927 1600 986 1636 ista
1010 1599 1257 1645 imprecatione
1275 1600 1447 1644 reperitur
1472 1598 1529 1633 lib.
1556 1601 1618 1645 Ep.
1645 1601 1701 1633 xl.
1727 1597 1878 1644 epistolis

272 1677 328 1700 ιο.
351 1676 364 1696 1
376 1675 404 1697 1.
421 1672 452 1696 et
476 1672 529 1693 12.
558 1669 677 1692 verum
693 1653 779 1690 istud
797 1663 937 1698 quoque
952 1649 1172 1697 privilegium
1191 1647 1267 1683 licet
1281 1660 1299 1681 a
1318 1649 1491 1694 Gregorio
1507 1650 1585 1683 vn.
1605 1646 1764 1683 laudetur
1779 1659 1881 1696 atque

267 1714 348 1748 ideo
364 1706 652 1748 Sammedardenfi
665 1704 703 1740 fit
719 1702 910 1747 antiquius,
938 1699 1110 1745 Gregorio
1121 1708 1230 1732 tamen
1249 1695 1461 1743 suppositum
1477 1697 1628 1733 videtur:
1654 1697 1769 1744 primo
1784 1689 1877 1733 ‘enim

268 1761 494 1809 privilegium
514 1757 602 1793 istud
620 1767 685 1790 tam
707 1754 799 1788 varie
815 1751 974 1790 habetur,
1002 1759 1040 1783 ut
1057 1746 1198 1794 intelligi
1217 1745 1316 1792 poffit
1330 1746 1413 1782 illud
1430 1747 1483 1782 vel
1505 1744 1567 1781 effe
1590 1745 1805 1792 suppositum
1824 1745 1879 1781 vel

269 1810 524 1857 interpolatum.
575 1803 760 1850 Aliquibus
778 1803 813 1837 in
828 1799 1002 1836 codicibus
1022 1809 1089 1833 una
1103 1808 1233 1833 tantum
1258 1795 1397 1842 epistola
1421 1796 1583 1836 habetur,
1625 1796 1660 1830 in
1680 1795 1754 1830 aliis
1772 1794 1878 1833 duae,

269 1862 306 1895 in
323 1860 441 1907 paucis
466 1868 544 1892 tres.
595 1858 638 1890 ·ln
667 1853 779 1899 prima
803 1849 942 1897 epistola
963 1848 1004 1884 ad
1028 1846 1217 1882 senatorem
1242 1845 1466 1892 privilegium
1501 1845 1626 1880 dieitur
1663 1844 1879 1880 xenodochio

270 1907 469 1946 concessum.
525 1908 564 1941 In
586 1917 616 1940 2.
635 1904 678 1938 ad
695 1899 900 1937 Thessaliam
919 1898 1044 1933 dicitur
1063 1895 1125 1931 effe
1142 1892 1269 1930 sanstae
1278 1897 1407 1930 Mariae
1424 1897 1457 1930 in
1475 1892 1878 1940 urbeAugustodunenfi.

269 1961 311 1994 In
329 1959 428 1992 tertia
447 1956 488 1991 ad
512 1958 691 2000 Luponem
708 1951 834 1986 dicitur
851 1948 1074 1995 privilegium
1099 1943 1247 1981 ecclesiae
1264 1942 1367 1979 saneti
1380 1945 1522 1980 Martini
1539 1946 1572 1979 in
1589 1942 1783 1979 suburbano
1808 1947 1881 1978 Au-

271 2004 512 2054 gustodunenfi
525 2029 532 2043 ,
560 2003 634 2047 quis
651 2002 729 2036 haec
746 1999 853 2034 secum
870 1996 1050 2033 conciliet?
1077 1993 1228 2029 Secundo
1240 2017 1248 2033 ,
1275 1994 1419 2040 Joannes
1436 1994 1597 2030 diaconus
1620 1991 1775 2029 aiiotum
1793 1991 1881 2028 sanc·

263 2059 298 2092 uti
318 2054 485 2101 Gregorii
502 2052 644 2097 diligens
661 2047 822 2084 colleaor
837 2048 961 2082 horum
980 2044 1237 2090 privilegiorum
1257 2054 1325 2077 non
1342 2045 1507 2078 meminit.
1559 2043 1684 2078 Tertio
1698 2037 1881 2088 privilegia

271 2116 398 2142 caetera
416 2117 434 2138 a
453 2101 627 2146 Gregorio
646 2095 791 2133 concessa
808 2095 858 2131 isti
878 2094 1044 2130 diffimilia
1061 2094 1204 2128 maxime
1221 2089 1298 2126 sunt
1317 2091 1381 2126 five
1400 2093 1511 2137 quoad
1532 2091 1675 2138 stylum,
1702 2090 1768 2125 five
1795 2103 1880 2135 quo-

271 2155 316 2191 ad
332 2165 403 2194 res,
430 2163 467 2187 ac
482 2150 664 2197 praecipue
686 2146 798 2192 quoad
815 2143 909 2180 istam
928 2142 1108 2179 clausulam
1122 2167 1131 2183 ‚
1156 2153 1241 2186 quae
1259 2140 1379 2177 nullibi
1396 2143 1574 2188 reperitur.
1627 2143 1758 2184 Quarto
1772 2152 1884 2186 poena

273 2204 355 2239 haec
373 2201 636 2237 comminatoria
652 2198 767 2231 minus
791 2195 949 2230 :onvenie-
964 2192 1129 2239 Gregorii
1146 2189 1327 2226 modestiae
1355 2192 1390 2226 in
1415 2203 1514 2237 reges
1530 2217 1538 2232 ‚
1566 2192 1637 2225 imo
1656 2189 1799 2225 absurda
1816 2187 1880 2231 est.

275 2264 307 2300 et
329 2250 467 2302 injusta,
502 2250 579 2298 quis
610 2246 696 2285 dicat
721 2257 819 2294 reges
844 2256 952 2293 regno
974 2240 1160 2291 privandos
1184 2238 1245 2277 efle
1273 2240 1316 2280 ob
1347 2239 1513 2280 violatum
1543 2237 1742 2289 hujusmodi
1772 2239 1883 2285 privi.

1748 2287 1833 2336 legi-
