2022 2733
304 178 809 219 DISSERTATIONES
837 179 1182 222 HISTORICAE.
1209 185 1366 225 Dassa-r.
1386 188 1448 226 IV.
1575 201 1645 236 ²55

73 278 275 316 argumenta
309 266 480 314 sigillatim
504 268 720 303 excutiamus.
771 269 927 305 Primum
957 270 1067 316 igitur
1091 272 1184 320 ajunt
1208 276 1366 322 antiquos
1393 290 1511 314 omnes
1537 279 1695 314 unanimi

72 318 234 354 consensu
259 317 410 358 tradere,
438 317 603 353 ecclesiam
628 321 822 353 Romanam
841 331 859 353 a
876 321 976 356 Petro
993 333 1024 356 et
1041 322 1146 358 Paulo
1164 322 1357 369 fundatam,
1384 339 1568 374 utrumque
1588 328 1692 363 eccle.

70 368 136 403 fiae
162 368 264 415 hujus
292 366 491 413 episcopum
511 365 628 404 fuisse,
655 367 834 412 utriusque
851 368 936 404 hanc
950 369 1050 405 fuisse
1069 372 1279 416 cathedram,
1306 379 1477 414 Romanos
1496 375 1688 424 pontifices,

71 430 142 453 non
168 417 278 453 solum
302 419 410 457 Petri,
439 416 494 451 sed
521 428 553 451 et
581 416 672 450 Pauli
696 416 897 452 successores
924 417 987 453 esse
1009 432 1044 455 ac
1065 423 1228 462 vicarios,
1254 436 1289 460 et
1302 426 1343 461 ab
1362 427 1407 461 eis
1426 428 1642 462 autoritatem
1659 437 1690 462 et

72 467 306 514 episcopatum
324 465 490 512 accepisse.
545 466 639 501 Hinc
657 465 707 499 illi
727 465 953 504 concludunt,
970 481 1046 503 eum
1066 481 1145 506 cum
1163 473 1259 508 urbis
1276 476 1404 511 Romae
1419 476 1597 523 episcopus
1614 473 1691 512 fue.

71 519 119 553 rit
136 528 213 553 cum
232 519 334 551 Petro
346 542 354 556 ,
389 528 466 550 cum
488 528 530 550 eo
549 526 688 559 quoque
705 516 897 559 primatum
915 515 1104 554 obtinuisse.

169 569 301 602 Verum
321 566 357 600 id
375 565 550 599 immerito
568 563 779 598 concludunt
798 562 867 600 illi,
896 575 1046 609 namque
1063 579 1102 601 ex
1119 579 1169 605 eo,
1189 569 1284 613 quod
1303 573 1422 608 Petrus
1436 585 1467 609 et
1481 572 1606 609 Paulus
1625 574 1691 608 Ro-

69 627 206 651 manam
235 613 405 650 ecclesiam
430 613 532 648 ambo
566 610 766 653 fundarinr,
795 624 866 647 non
894 612 1047 658 sequttur
1073 627 1130 650 eos
1155 617 1374 656 individuum
1400 621 1551 658 habuisse
1565 622 1692 669 prima-

69 676 161 706 tum,
190 664 246 700 sed
273 674 404 699 tantum
431 675 487 697 eos
506 661 602 697 simul
622 661 666 696 ad
685 661 806 697 urbem
822 665 966 698 Romam
994 663 1170 707 accessisse,
1206 667 1324 714 ibique
1342 668 1443 707 fidem
1466 670 1686 711 annuntiasse,

66 726 98 750 et
115 712 280 749 ecclesiam
305 712 383 748 licet
406 711 544 747 diversis
561 710 777 757 temporibus
794 711 919 748 rexisse.
972 716 1054 749 Huc
1069 715 1205 758 accedit,
1224 719 1321 763 quod
1338 718 1439 757 simul
1455 720 1504 756 ibi
1521 723 1687 768 martyrio

64 763 219 799 coronati
249 761 341 804 sunt,
369 772 400 797 et
429 762 516 797 hanc
542 759 710 796 ecclesiam
737 761 900 807 sanguine
926 761 989 799 suo
1013 763 1216 802 consecrasse
1239 768 1422 806 videntur.-
1449 771 1512 806 hae
1535 770 1576 805 de
1592 768 1687 806 causa

62 824 207 860 uterque
231 813 360 848 merito
386 811 452 847 dici
476 810 587 858 potest
603 809 782 857 episcopus
801 814 947 853 Romae,
974 825 1045 849 non
1066 814 1163 859 quod
1178 816 1229 852 illi
1250 817 1402 855 ecclesiae
1419 821 1467 856 ita
1482 817 1614 856 fuerint
1630 819 1687 854 ad.

63 857 165 902 diiii,
191 873 230 899 ut
247 874 316 898 non
333 861 476 897 aliarum
495 862 594 897 etiam
613 873 729 896 curam
747 859 971 908 susceperint3
998 862 1054 898 sed
1073 865 1151 910 quia
1168 865 1210 901 ad
1226 866 1312 903 hanc
1332 868 1453 906 urbem
1471 869 1574 906 ambo
1592 881 1689 904 vene·

64 924 169 954 runt,
194 912 298 948 ambo
326 911 539 957 evangelium
565 911 615 946 ibi
641 911 949 954 annuntiaverunt3
976 912 1079 949 ambo
1103 915 1232 951 multos
1258 916 1330 953 illic
1356 919 1399 954 ad
1418 918 1521 955 fidem
1540 919 1685 955 adduxe-

62 973 169 1004 runt;
194 961 296 996 ambo
318 960 408 995 *hanc
436 959 601 995 ecclesiam
620 972 683 1005 per
698 971 834 1006 tempus
852 961 992 1005 aliquod
1008 975 1189 1007 rexerunt3
1213 965 1315 1002 ambo
1334 967 1395 1003 fibi
1413 967 1611 1004 successores
1631 980 1686 1002 or·

63 1011 244 1051 dinatum,
272 1009 296 1044 fi
315 1009 397 1044 fides
416 1008 593 1044 nonnullis
610 1008 791 1050 habeatur3
820 1010 921 1045 ambo
941 1010 1089 1055 denique
1105 1012 1154 1047 ibi
1174 1014 1324 1059 gloriose
1342 1018 1445 1052 vitam
1463 1030 1529 1064 pro
1547 1015 1682 1052 Christo

61 1058 245 1099 finierunt:
272 1070 355 1105 ergo
376 1058 468 1093 haud
492 1058 667 1093 immerito
695 1057 843 1093 ecclefiae
863 1059 966 1106 hujus
984 1060 1088 1096 ambo
1107 1061 1271 1098 dicuntur
1285 1064 1459 1112 episcopi,
1486 1076 1520 1102 et
1535 1066 1682 1102 Romani

60 1108 241 1156 pontifices
265 1106 409 1143 istorum
438 1120 476 1142 ex
501 1119 611 1152 aequo
636 1104 834 1142 successores
863 1107 926 1143 esse
948 1109 1195 1156 perhibentur3
1222 1112 1278 1147 sed
1297 1127 1365 1150 non
1385 1115 1498 1158 video,
1521 1128 1583 1152 cur
1603 1114 1683 1150 inde

59 1159 252 1206 primatum
263 1159 443 1202 utriusque
459 1157 679 1191 individuum
696 1155 847 1191 adserere
865 1156 905 1192 fit
925 1156 1070 1201 necesse3
1096 1173 1165 1195 non
1182 1161 1270 1197 valet
1289 1165 1378 1200 enim
1398 1165 1480 1200 haec
1495 1163 1683 1209 consequu-

56 1209 127 1245 tio‚
155 1210 276 1242 Petrus
297 1217 328 1241 et
346 1206 468 1240 Paulus
488 1203 653 1239 ecclesiam
669 1207 858 1239 Romanam
873 1207 909 1239 in
927 1218 1109 1242 commune
1127 1222 1304 1253 rexerunt,
1341 1226 1424 1259 ergo
1443 1215 1482 1248 in
1498 1225 1682 1249 commune

56 1257 247 1303 primatum
273 1255 484 1294 habuerunt3
514 1253 642 1298 quippe
659 1251 871 1297 episcopatus
899 1256 1072 1289 Romanus
1091 1268 1171 1291 cura
1192 1257 1238 1292 est
1255 1262 1370 1307 gregis
1390 1263 1554 1300 Romani,
1581 1263 1678 1308 cujus

56 1317 186 1353 partem
211 1316 319 1345 unus,
348 1313 480 1349 partem
506 1302 591 1336 alius
613 1300 722 1347 potest
742 1300 927 1347 suscipere.-
954 1313 987 1337 at
1004 1305 1172 1349 primatus
1194 1318 1264 1343 non
1282 1309 1329 1345 ita
1346 1309 1378 1345 se
1396 1310 1515 1352 habet,
1542 1322 1604 1346 nec
1622 1310 1682 1347 iste

56 1367 190 1403 partem
211 1354 383 1401 primatus
402 1364 503 1387 unam
515 1375 524 1389 ‚
549 1350 607 1386 ille
624 1350 762 1386 alteram
779 1350 890 1397 potest
908 1351 1040 1388 habere.

154 1407 266 1451 Ergo,
293 1403 425 1448 inquiet
441 1401 586 1446 aliquis,
619 1400 698 1435 inde
714 1399 871 1445 sequetur
886 1401 1037 1447 aliquem
1052 1400 1153 1439 fuiffe
1171 1404 1374 1454 epi-scopum
1392 1410 1597 1452 Romanum,
1618 1410 1679 1456 qui

55 1455 206 1502 primatu
223 1454 392 1494 caruerit3
419 1461 452 1486 at
469 1449 618 1496 proinde
633 1449 699 1484 dici
714 1451 844 1495 poterit
864 1451 1031 1487 ecclesiam
1050 1456 1240 1491 Romanam
1256 1459 1412 1504 primatu
1430 1458 1578 1496 caruisse,

153 1502 362 1550 Respondeo
387 1498 508 1536 falsum
532 1498 592 1532 effe
610 1496 838 1543 consequens,
865 1501 943 1545 quia
959 1501 1081 1538 scilicet
1099 1502 1232 1551 semper
1250 1507 1380 1544 ecclesia
1396 1510 1550 1546 Romana
1566 1509 1680 1557 prima

55 1553 122 1589 dici
138 1554 254 1599 potuit
270 1551 426 1587 omnium
442 1546 654 1584 ecclefiarum
666 1571 675 1584 ‚
703 1558 775 1582 tum
794 1548 838 1583 ob
856 1549 949 1584 urbis
970 1551 1063 1586 illius
1079 1554 1363 1600 amplitudinem,
1389 1568 1464 1595 tum
1485 1560 1566 1604 quia
1588 1569 1678 1595 unus

55 1615 94 1636 ex
116 1603 188 1649 ejus
213 1600 382 1648 episcopis
399 1599 585 1645 primatum
603 1597 692 1632 inter
709 1596 882 1643 apostolos
899 1598 1060 1642 habebat,
1087 1602 1165 1639 licet
1181 1605 1267 1641 alter
1285 1607 1327 1642 ad
1347 1619 1426 1647 eum
1445 1609 1604 1656 proxime
1621 1619 1676 1644 ac.

52 1650 207 1688 cederet,
233 1661 265 1685 et
282 1651 317 1685 in
336 1647 497 1684 omnibus
515 1648 544 1681 ei
560 1645 653 1682 foret
668 1646 832 1691 aequalis,
861 1646 884 1681 fi
903 1649 1090 1693 primatum
1109 1653 1261 1699 excipias.
1668 1653 1671 1655 ’

152 1700 310 1736 Alterum
333 1708 577 1744 argumentum
600 1695 710 1731 multo
729 1697 867 1742 gravius
886 1694 949 1731 esse
966 1698 1121 1735 videtur:
1148 1704 1279 1748 petitur
1294 1704 1381 1740 illud
1400 1718 1439 1740 ex
1457 1704 1591 1742 summa
1612 1706 1675 1740 Pe.

50 1751 96 1786 tri
111 1749 276 1793 Paulique
291 1747 508 1792 aequalitate,
537 1757 639 1791 quarn
657 1757 728 1781 non
747 1758 826 1781 raro
847 1747 1089 1783 commendant
1109 1749 1211 1787 saneti
1227 1764 1353 1799 patres.
1405 1755 1459 1790 Sic
1475 1753 1674 1790 Ambrofius

49 1799 109 1836 Iib.
131 1799 331 1844 deSpiritu
357 1794 472 1832 sanffio
491 1808 563 1842 cap.
594 1807 648 1829 12.
703 1796 775 1831 Nec
799 1797 937 1836 Paulus,
966 1797 1098 1842 inquit,
1127 1802 1280 1847 inferior
1303 1804 1420 1845 Petro,
1447 1807 1599 1852 quamvis
1617 1805 1675 1839 ille

50 1849 194 1896 ecclesiae
210 1847 493 1894 fundamentum,
521 1855 555 1881 et
580 1846 632 1880 hic
655 1845 787 1892 sapiens
805 1846 1005 1881 architeft'us
1015 1850 1123 1891 sciens
1139 1850 1284 1899 vestigia
1299 1853 1503 1889 credentium
1517 1853 1675 1901 fundare

48 1900 265 1946 populorum,
292 1908 350 1932 nec
375 1897 518 1936 Paulus,
547 1897 703 1943 inquam,
732 1895 895 1943 indignus
912 1896 1131 1942 apostolorum
1153 1901 1306 1949 collegio,
1334 1915 1404 1938 cum
1420 1906 1532 1950 primo
1549 1912 1674 1953 quoque

44 1949 157 1996 facile
182 1946 423 1993 conferendus,
449 1954 483 1980 et
507 1945 595 1980 nulli
612 1943 799 1989 secundus,·
827 1957 903 1979 nam
933 1947 992 1992 qui
1009 1947 1046 1991 se
1063 1949 1220 1993 imparem
1238 1952 1361 1995 nescit>
1380 1954 1478 1998 facit
1489 1952 1672 2000 aequalem.

49 1999 93 2033 Et
115 2000 208 2042 Aug.
233 1995 330 2031 serm.
353 2007 408 2037 25.
432 1994 471 2028 de
490 1990 626 2029 sanffis.
678 1993 727 2028 Et
742 1993 767 2038 li
784 1995 919 2029 Petrum
940 1997 1107 2041 priorem,
1144 2006 1252 2034 tamen
1270 1999 1379 2035 ambos
1397 2001 1530 2038 ditavit
1549 2002 1672 2040 honore

3 2075 5 2077 .
51 2059 128 2083 uno.
154 2065 155 2069 =
181 2048 260 2082 Nee
276 2057 346 2080 non
362 2044 536 2080 Maximus
553 2041 777 2078 Taurinenfis
800 2043 920 2078 homil.
945 2055 974 2087 5.
993 2044 1028 2079 in
1048 2045 1152 2081 natali
1169 2047 1413 2094 apostolorum.
1465 2052 1562 2099 Ergo
1579 2049 1671 2086 beati

52 2096 171 2132 Petrus
195 2104 229 2131 et
253 2096 377 2130 Paulus
401 2095 548 2129 eminent
572 2095 608 2128 in
634 2094 804 2138 universos
826 2093 1000 2139 apostolos,
1026 2103 1060 2129 et
1073 2098 1246 2142 peculiari
1261 2099 1406 2146 quadam
1418 2102 1669 2147 praerogativa

50 2147 277 2190 praecellunt3
303 2155 421 2179 verum
443 2145 537 2178 inter
559 2143 654 2189 ipsos,
674 2145 746 2190 quis
771 2144 826 2177 cui
850 2152 1092 2189 praeponatur,
1116 2148 1282 2183 incertum
1303 2149 1364 2193 eli,
1388 2159 1471 2196 puto
1490 2153 1575 2185 enim
1597 2149 1673 2181 illos

54 2196 205 2240 aequales
220 2193 283 2241 effe
298 2195 447 2233 meritis,
474 2194 554 2241 quia
571 2193 722 2239 aequales
727 2193 809 2237 fiant
825 2191 985 2239 paffione,
1020 2201 1053 2228 et
1061 2193 1168 2241 simili
1183 2208 1233 2232 eos
1244 2197 1331 2240 fidei
1349 2199 1524 2235 devotione
1532 2195 1670 2242 ivix'iffe,

52 2252 130 2289 quos
139 2241 235 2291 fimul
250 2243 404 2290 videmus
419 2242 803 2290 ad.martypiiglor1am
821 2242 1026 2294 pervenifff.
1079 2243 1186 2294 Greg.
1217 2246 1389 2295 nidialog.
1410 2260 1491 2298 cap²
1504 2246 1672 2330 ulnlgpu-
