<?xml version="1.0" encoding="UTF-8"?>
<!DOCTYPE html PUBLIC "-//W3C//DTD XHTML 1.0 Transitional//EN"
    "http://www.w3.org/TR/xhtml1/DTD/xhtml1-transitional.dtd">
<html xmlns="http://www.w3.org/1999/xhtml" xml:lang="en" lang="en">
 <head>
  <title>
</title>
<meta http-equiv="Content-Type" content="text/html;charset=utf-8" />
  <meta name='ocr-system' content='tesseract 3.04.00' />
  <meta name='ocr-capabilities' content='ocr_page ocr_carea ocr_par ocr_line ocrx_word'/>
</head>
<body>
  <div class='ocr_page' id='page_1' title='image "./deantiquaecclesi00dupiuoft_0256.png"; bbox 0 0 1982 2739; ppageno 0'>
   <div class='ocr_carea' id='block_1_1' title="bbox 1069 93 1086 102">
    <p class='ocr_par' dir='ltr' id='par_1_1' title="bbox 1069 93 1086 102">
     <span class='ocr_line' id='line_1_1' title="bbox 1069 93 1086 102; baseline 0 0"><span class='ocrx_word' id='word_1_1' title='bbox 1069 93 1086 102; x_wconf 67' lang='lat' dir='ltr'><em>s</em></span> 
     </span>
    </p>
   </div>
   <div class='ocr_carea' id='block_1_2' title="bbox 282 167 1589 251">
    <p class='ocr_par' dir='ltr' id='par_1_2' title="bbox 282 167 1589 251">
     <span class='ocr_line' id='line_1_2' title="bbox 282 167 1589 251; baseline 0 -20"><span class='ocrx_word' id='word_1_2' title='bbox 282 209 364 251; x_wconf 33' lang='lat'>23⁰·</span> <span class='ocrx_word' id='word_1_3' title='bbox 552 196 628 233; x_wconf 90' lang='lat' dir='ltr'><em>DE</em></span> <span class='ocrx_word' id='word_1_4' title='bbox 654 167 1227 239; x_wconf 76' lang='lat' dir='ltr'><strong>ANTIQUAECCLESIAE</strong></span> <span class='ocrx_word' id='word_1_5' title='bbox 1255 181 1589 231; x_wconf 63' lang='lat' dir='ltr'>DISCIPLINA</span> 
     </span>
    </p>
   </div>
   <div class='ocr_carea' id='block_1_3' title="bbox 225 278 1854 1263">
    <p class='ocr_par' dir='ltr' id='par_1_3' title="bbox 225 278 1842 529">
     <span class='ocr_line' id='line_1_3' title="bbox 229 278 1842 333; baseline -0.002 -12"><span class='ocrx_word' id='word_1_6' title='bbox 229 286 407 331; x_wconf 60' lang='lat' dir='ltr'><em>comesuros,</em></span> <span class='ocrx_word' id='word_1_7' title='bbox 433 296 489 321; x_wconf 82' lang='lat' dir='ltr'><em>nec</em></span> <span class='ocrx_word' id='word_1_8' title='bbox 505 287 681 333; x_wconf 85' lang='lat' dir='ltr'><em>confeffos:</em></span> <span class='ocrx_word' id='word_1_9' title='bbox 709 298 767 321; x_wconf 80' lang='lat' dir='ltr'><em>nec</em></span> <span class='ocrx_word' id='word_1_10' title='bbox 794 284 957 320; x_wconf 60' lang='lat' dir='ltr'><em>conviffos</em></span> <span class='ocrx_word' id='word_1_11' title='bbox 977 282 1018 318; x_wconf 82' lang='lat' dir='ltr'><em>ab</em></span> <span class='ocrx_word' id='word_1_12' title='bbox 1037 284 1124 323; x_wconf 87' lang='lat' dir='ltr'><em>omni</em></span> <span class='ocrx_word' id='word_1_13' title='bbox 1143 282 1341 329; x_wconf 77' lang='lat' dir='ltr'><em>ecclesiastico</em></span> <span class='ocrx_word' id='word_1_14' title='bbox 1357 281 1459 326; x_wconf 85' lang='lat' dir='ltr'><em>officio</em></span> <span class='ocrx_word' id='word_1_15' title='bbox 1475 282 1771 329; x_wconf 83' lang='lat' dir='ltr'><em>excommunicasti,</em></span> <span class='ocrx_word' id='word_1_16' title='bbox 1796 278 1842 318; x_wconf 73' lang='lat' dir='ltr'><em>&#39;et-</em></span> 
     </span>
     <span class='ocr_line' id='line_1_4' title="bbox 228 331 1834 382; baseline -0.002 -12"><span class='ocrx_word' id='word_1_17' title='bbox 228 344 268 371; x_wconf 80' lang='lat' dir='ltr'><em>ut</em></span> <span class='ocrx_word' id='word_1_18' title='bbox 296 347 388 370; x_wconf 85' lang='lat' dir='ltr'><em>nemo</em></span> <span class='ocrx_word' id='word_1_19' title='bbox 408 337 508 380; x_wconf 80' lang='lat' dir='ltr'><em>sacra</em></span> <span class='ocrx_word' id='word_1_20' title='bbox 535 336 709 382; x_wconf 69' lang='lat' dir='ltr'><em>miffarum</em></span> <span class='ocrx_word' id='word_1_21' title='bbox 724 336 881 381; x_wconf 72' lang='lat' dir='ltr'><em>solemnia</em></span> <span class='ocrx_word' id='word_1_22' title='bbox 905 336 1027 375; x_wconf 82' lang='lat' dir='ltr'><em>intua</em></span> <span class='ocrx_word' id='word_1_23' title='bbox 1050 333 1211 379; x_wconf 74' lang='lat' dir='ltr'><em>parochia</em></span> <span class='ocrx_word' id='word_1_24' title='bbox 1236 331 1440 375; x_wconf 83' lang='lat' dir='ltr'><em>celebraret,</em></span> <span class='ocrx_word' id='word_1_25' title='bbox 1468 334 1635 380; x_wconf 82' lang='lat' dir='ltr'><em>indixisti.</em></span> <span class='ocrx_word' id='word_1_26' title='bbox 1688 335 1731 368; x_wconf 90' lang='lat' dir='ltr'><em>Et</em></span> <span class='ocrx_word' id='word_1_27' title='bbox 1761 344 1834 378; x_wconf 84' lang='lat' dir='ltr'><em>cap.</em></span> 
     </span>
     <span class='ocr_line' id='line_1_5' title="bbox 232 381 1840 431; baseline -0.003 -12"><span class='ocrx_word' id='word_1_28' title='bbox 232 396 284 429; x_wconf 78' lang='lat'><em>30.</em></span> <span class='ocrx_word' id='word_1_29' title='bbox 314 387 352 419; x_wconf 87' lang='lat' dir='ltr'><em>in</em></span> <span class='ocrx_word' id='word_1_30' title='bbox 385 393 445 420; x_wconf 82' lang='lat' dir='ltr'><em>tua</em></span> <span class='ocrx_word' id='word_1_31' title='bbox 478 387 639 431; x_wconf 76' lang='lat' dir='ltr'><em>parochia</em></span> <span class='ocrx_word' id='word_1_32' title='bbox 665 397 754 420; x_wconf 85' lang='lat' dir='ltr'><em>nemo</em></span> <span class='ocrx_word' id='word_1_33' title='bbox 783 388 820 419; x_wconf 86' lang='lat' dir='ltr'><em>in</em></span> <span class='ocrx_word' id='word_1_34' title='bbox 847 381 1031 431; x_wconf 79' lang='lat' dir='ltr'><em>neceffitate</em></span> <span class='ocrx_word' id='word_1_35' title='bbox 1064 384 1183 418; x_wconf 82' lang='lat' dir='ltr'><em>mortis</em></span> <span class='ocrx_word' id='word_1_36' title='bbox 1222 381 1420 428; x_wconf 78' lang='lat' dir='ltr'><em>baptizari,</em></span> <span class='ocrx_word' id='word_1_37' title='bbox 1469 394 1561 418; x_wconf 82' lang='lat' dir='ltr'><em>nemo</em></span> <span class='ocrx_word' id='word_1_38' title='bbox 1606 383 1840 418; x_wconf 82' lang='lat' dir='ltr'><em>communionis</em></span> 
     </span>
     <span class='ocr_line' id='line_1_6' title="bbox 225 430 1840 482; baseline -0.002 -15"><span class='ocrx_word' id='word_1_39' title='bbox 225 437 348 482; x_wconf 79' lang='lat' dir='ltr'><em>gratia</em></span> <span class='ocrx_word' id='word_1_40' title='bbox 384 436 614 472; x_wconf 82' lang='lat' dir='ltr'><em>reconciliari,</em></span> <span class='ocrx_word' id='word_1_41' title='bbox 664 445 756 470; x_wconf 85' lang='lat' dir='ltr'><em>nemo</em></span> <span class='ocrx_word' id='word_1_42' title='bbox 783 434 928 480; x_wconf 83' lang='lat' dir='ltr'><em>sepeliri</em></span> <span class='ocrx_word' id='word_1_43' title='bbox 962 443 1033 467; x_wconf 85' lang='lat' dir='ltr'><em>cum</em></span> <span class='ocrx_word' id='word_1_44' title='bbox 1068 430 1184 467; x_wconf 82' lang='lat' dir='ltr'><em>debita</em></span> <span class='ocrx_word' id='word_1_45' title='bbox 1219 430 1500 468; x_wconf 80' lang='lat' dir='ltr'><em>commendatione</em></span> <span class='ocrx_word' id='word_1_46' title='bbox 1533 440 1678 480; x_wconf 84' lang='lat' dir='ltr'><em>poterat.</em></span> <span class='ocrx_word' id='word_1_47' title='bbox 1749 430 1840 466; x_wconf 83' lang='lat' dir='ltr'>Vide</span> 
     </span>
     <span class='ocr_line' id='line_1_7' title="bbox 231 485 1594 529; baseline 0 -12"><span class='ocrx_word' id='word_1_48' title='bbox 231 485 331 519; x_wconf 88' lang='lat' dir='ltr'><em>etiam</em></span> <span class='ocrx_word' id='word_1_49' title='bbox 348 495 420 529; x_wconf 87' lang='lat' dir='ltr'><em>cap.</em></span> <span class='ocrx_word' id='word_1_50' title='bbox 443 495 497 528; x_wconf 84' lang='lat'><em>31.</em></span> <span class='ocrx_word' id='word_1_51' title='bbox 524 493 556 518; x_wconf 92' lang='lat' dir='ltr'><em>et</em></span> <span class='ocrx_word' id='word_1_52' title='bbox 584 495 638 528; x_wconf 86' lang='lat'><em>32.</em></span> <span class='ocrx_word' id='word_1_53' title='bbox 1495 496 1497 499; x_wconf 91' lang='lat'>·</span> <span class='ocrx_word' id='word_1_54' title='bbox 1591 514 1594 517; x_wconf 90' lang='lat'>.</span> 
     </span>
    </p>

    <p class='ocr_par' dir='ltr' id='par_1_4' title="bbox 229 525 1846 826">
     <span class='ocr_line' id='line_1_8' title="bbox 379 525 1845 579; baseline -0.006 -11"><span class='ocrx_word' id='word_1_55' title='bbox 379 532 559 568; x_wconf 87' lang='lat' dir='ltr'><em>Fulbertus</em></span> <span class='ocrx_word' id='word_1_56' title='bbox 594 532 774 579; x_wconf 83' lang='lat' dir='ltr'><em>episcopus</em></span> <span class='ocrx_word' id='word_1_57' title='bbox 799 527 1015 567; x_wconf 79' lang='lat' dir='ltr'><em>earuotenfis</em></span> <span class='ocrx_word' id='word_1_58' title='bbox 1041 527 1185 564; x_wconf 84' lang='lat' dir='ltr'><em>scribens</em></span> <span class='ocrx_word' id='word_1_59' title='bbox 1211 529 1253 565; x_wconf 84' lang='lat' dir='ltr'><em>ad</em></span> <span class='ocrx_word' id='word_1_60' title='bbox 1287 529 1477 565; x_wconf 87' lang='lat' dir='ltr'><em>Robertum</em></span> <span class='ocrx_word' id='word_1_61' title='bbox 1513 541 1629 575; x_wconf 83' lang='lat' dir='ltr'><em>regem</em></span> <span class='ocrx_word' id='word_1_62' title='bbox 1662 525 1754 575; x_wconf 89' lang='lat' dir='ltr'>epist.</span> <span class='ocrx_word' id='word_1_63' title='bbox 1785 538 1845 572; x_wconf 68' lang='lat'><em>93.</em></span> 
     </span>
     <span class='ocr_line' id='line_1_9' title="bbox 229 577 1845 627; baseline -0.004 -10"><span class='ocrx_word' id='word_1_64' title='bbox 229 583 289 617; x_wconf 81' lang='lat' dir='ltr'><em>ait:</em></span> <span class='ocrx_word' id='word_1_65' title='bbox 342 581 400 617; x_wconf 73' lang='lat' dir='ltr'><em>Ad</em></span> <span class='ocrx_word' id='word_1_66' title='bbox 425 583 646 619; x_wconf 72' lang='lat' dir='ltr'><em>Aurelianum</em></span> <span class='ocrx_word' id='word_1_67' title='bbox 672 584 846 617; x_wconf 84' lang='lat' dir='ltr'><em>civitatem</em></span> <span class='ocrx_word' id='word_1_68' title='bbox 873 581 1050 615; x_wconf 84' lang='lat' dir='ltr'><em>convenire</em></span> <span class='ocrx_word' id='word_1_69' title='bbox 1077 590 1143 613; x_wconf 83' lang='lat' dir='ltr'><em>non</em></span> <span class='ocrx_word' id='word_1_70' title='bbox 1166 579 1257 625; x_wconf 76' lang='lat' dir='ltr'><em>poffe</em></span> <span class='ocrx_word' id='word_1_71' title='bbox 1285 581 1466 627; x_wconf 76' lang='lat' dir='ltr'><em>episcopos,</em></span> <span class='ocrx_word' id='word_1_72' title='bbox 1510 591 1579 615; x_wconf 87' lang='lat' dir='ltr'><em>cum</em></span> <span class='ocrx_word' id='word_1_73' title='bbox 1613 577 1664 614; x_wconf 88' lang='lat' dir='ltr'><em>ibi</em></span> <span class='ocrx_word' id='word_1_74' title='bbox 1699 589 1758 613; x_wconf 86' lang='lat' dir='ltr'><em>nec</em></span> <span class='ocrx_word' id='word_1_75' title='bbox 1786 579 1845 623; x_wconf 82' lang='lat' dir='ltr'><em>sa-</em></span> 
     </span>
     <span class='ocr_line' id='line_1_10' title="bbox 230 627 1846 675; baseline -0.003 -9"><span class='ocrx_word' id='word_1_76' title='bbox 230 630 384 672; x_wconf 71' lang='lat' dir='ltr'><em>creficare</em></span> <span class='ocrx_word' id='word_1_77' title='bbox 411 632 532 672; x_wconf 82' lang='lat' dir='ltr'><em>liceat,</em></span> <span class='ocrx_word' id='word_1_78' title='bbox 573 643 632 667; x_wconf 84' lang='lat' dir='ltr'><em>nec</em></span> <span class='ocrx_word' id='word_1_79' title='bbox 659 630 889 675; x_wconf 60' lang='lat' dir='ltr'><em>eucharistiam</em></span> <span class='ocrx_word' id='word_1_80' title='bbox 916 627 1060 673; x_wconf 83' lang='lat' dir='ltr'><em>absolute</em></span> <span class='ocrx_word' id='word_1_81' title='bbox 1082 631 1272 674; x_wconf 76' lang='lat' dir='ltr'><em>percipere,</em></span> <span class='ocrx_word' id='word_1_82' title='bbox 1307 641 1485 675; x_wconf 76' lang='lat' dir='ltr'><em>propterea</em></span> <span class='ocrx_word' id='word_1_83' title='bbox 1519 628 1613 673; x_wconf 91' lang='lat' dir='ltr'><em>quod</em></span> <span class='ocrx_word' id='word_1_84' title='bbox 1649 638 1846 663; x_wconf 85' lang='lat' dir='ltr'><em>excommu-</em></span> 
     </span>
     <span class='ocr_line' id='line_1_11' title="bbox 232 674 1844 724; baseline -0.002 -9"><span class='ocrx_word' id='word_1_85' title='bbox 232 681 403 716; x_wconf 84' lang='lat' dir='ltr'><em>nicatione</em></span> <span class='ocrx_word' id='word_1_86' title='bbox 430 680 583 716; x_wconf 86' lang='lat' dir='ltr'><em>damnata</em></span> <span class='ocrx_word' id='word_1_87' title='bbox 608 677 709 716; x_wconf 88' lang='lat' dir='ltr'><em>foret.</em></span> <span class='ocrx_word' id='word_1_88' title='bbox 763 678 926 714; x_wconf 86' lang='lat' dir='ltr'>Similiter</span> <span class='ocrx_word' id='word_1_89' title='bbox 952 689 1005 724; x_wconf 89' lang='lat' dir='ltr'><em>ep.</em></span> <span class='ocrx_word' id='word_1_90' title='bbox 1036 688 1066 722; x_wconf 85' lang='lat'><em>3.</em></span> <span class='ocrx_word' id='word_1_91' title='bbox 1093 678 1138 711; x_wconf 87' lang='lat' dir='ltr'><em>ait</em></span> <span class='ocrx_word' id='word_1_92' title='bbox 1166 674 1317 713; x_wconf 83' lang='lat' dir='ltr'><em>officium</em></span> <span class='ocrx_word' id='word_1_93' title='bbox 1346 679 1378 712; x_wconf 86' lang='lat' dir='ltr'><em>in</em></span> <span class='ocrx_word' id='word_1_94' title='bbox 1408 677 1540 713; x_wconf 72' lang='lat' dir='ltr'><em>ecclesia</em></span> <span class='ocrx_word' id='word_1_95' title='bbox 1574 676 1651 718; x_wconf 87' lang='lat' dir='ltr'><em>sua,</em></span> <span class='ocrx_word' id='word_1_96' title='bbox 1687 676 1844 724; x_wconf 72' lang='lat' dir='ltr'><em>depreffi&#39;s</em></span> 
     </span>
     <span class='ocr_line' id='line_1_12' title="bbox 232 726 1846 776; baseline -0.004 -10"><span class='ocrx_word' id='word_1_97' title='bbox 232 729 477 775; x_wconf 80' lang='lat' dir='ltr'><em>miserabiliter</em></span> <span class='ocrx_word' id='word_1_98' title='bbox 504 729 634 765; x_wconf 81' lang='lat' dir='ltr'><em>vocibus</em></span> <span class='ocrx_word' id='word_1_99' title='bbox 659 738 692 765; x_wconf 83' lang='lat' dir='ltr'><em>et</em></span> <span class='ocrx_word' id='word_1_100' title='bbox 716 740 800 776; x_wconf 85' lang='lat' dir='ltr'><em>pene</em></span> <span class='ocrx_word' id='word_1_101' title='bbox 818 728 951 775; x_wconf 81' lang='lat' dir='ltr'><em>silentio</em></span> <span class='ocrx_word' id='word_1_102' title='bbox 975 728 1138 773; x_wconf 83' lang='lat' dir='ltr'><em>proximis</em></span> <span class='ocrx_word' id='word_1_103' title='bbox 1167 726 1336 761; x_wconf 80' lang='lat' dir='ltr'><em>celebrari.</em></span> <span class='ocrx_word' id='word_1_104' title='bbox 1417 730 1457 762; x_wconf 91' lang='lat' dir='ltr'><em>Et</em></span> <span class='ocrx_word' id='word_1_105' title='bbox 1483 726 1585 773; x_wconf 88' lang='lat' dir='ltr'><em>post:</em></span> <span class='ocrx_word' id='word_1_106' title='bbox 1626 726 1721 770; x_wconf 77' lang='lat' dir='ltr'><em>Quid</em></span> <span class='ocrx_word' id='word_1_107' title='bbox 1743 728 1846 773; x_wconf 77' lang='lat' dir='ltr'><em>restat</em></span> 
     </span>
     <span class='ocr_line' id='line_1_13' title="bbox 233 774 1698 826; baseline -0.004 -10"><span class='ocrx_word' id='word_1_108' title='bbox 233 780 330 816; x_wconf 86' lang='lat' dir='ltr'><em>aliud</em></span> <span class='ocrx_word' id='word_1_109' title='bbox 345 780 404 825; x_wconf 80' lang='lat' dir='ltr'><em>nist</em></span> <span class='ocrx_word' id='word_1_110' title='bbox 422 788 459 814; x_wconf 78' lang='lat' dir='ltr'><em>ut</em></span> <span class='ocrx_word' id='word_1_111' title='bbox 473 781 607 826; x_wconf 81' lang='lat' dir='ltr'><em>penitus</em></span> <span class='ocrx_word' id='word_1_112' title='bbox 623 779 838 814; x_wconf 82' lang='lat' dir='ltr'><em>interdicatis</em></span> <span class='ocrx_word' id='word_1_113' title='bbox 857 777 1011 811; x_wconf 85' lang='lat' dir='ltr'><em>divinum</em></span> <span class='ocrx_word' id='word_1_114' title='bbox 1030 774 1169 818; x_wconf 85' lang='lat' dir='ltr'><em>officium</em></span> <span class='ocrx_word' id='word_1_115' title='bbox 1194 779 1230 809; x_wconf 84' lang='lat' dir='ltr'><em>in</em></span> <span class='ocrx_word' id='word_1_116' title='bbox 1254 785 1321 811; x_wconf 85' lang='lat' dir='ltr'><em>toto</em></span> <span class='ocrx_word' id='word_1_117' title='bbox 1345 778 1539 823; x_wconf 74' lang='lat' dir='ltr'><em>epifi-opatu</em></span> <span class='ocrx_word' id='word_1_118' title='bbox 1566 777 1698 822; x_wconf 85' lang='lat' dir='ltr'><em>nostro?</em></span> 
     </span>
    </p>

    <p class='ocr_par' dir='ltr' id='par_1_5' title="bbox 229 824 1852 1074">
     <span class='ocr_line' id='line_1_14' title="bbox 381 824 1849 873; baseline -0.003 -10"><span class='ocrx_word' id='word_1_119' title='bbox 381 828 571 863; x_wconf 81' lang='lat' dir='ltr'><em>Ademarus</em></span> <span class='ocrx_word' id='word_1_120' title='bbox 597 825 862 873; x_wconf 82' lang='lat' dir='ltr'><em>Engolismenfis</em></span> <span class='ocrx_word' id='word_1_121' title='bbox 889 824 929 858; x_wconf 88' lang='lat' dir='ltr'><em>ad</em></span> <span class='ocrx_word' id='word_1_122' title='bbox 956 835 1082 858; x_wconf 86' lang='lat' dir='ltr'><em>annum</em></span> <span class='ocrx_word' id='word_1_123' title='bbox 1111 834 1190 867; x_wconf 78' lang='lat'>994.</span> <span class='ocrx_word' id='word_1_124' title='bbox 1221 824 1300 857; x_wconf 88' lang='lat' dir='ltr'><em>haec</em></span> <span class='ocrx_word' id='word_1_125' title='bbox 1327 825 1436 858; x_wconf 84' lang='lat' dir='ltr'><em>habet.</em></span> <span class='ocrx_word' id='word_1_126' title='bbox 1489 826 1659 860; x_wconf 84' lang='lat' dir='ltr'><em>Alduinus</em></span> <span class='ocrx_word' id='word_1_127' title='bbox 1683 825 1849 870; x_wconf 79' lang='lat' dir='ltr'><em>episcopus</em></span> 
     </span>
     <span class='ocr_line' id='line_1_15' title="bbox 231 870 1850 924; baseline -0.006 -8"><span class='ocrx_word' id='word_1_128' title='bbox 231 878 466 924; x_wconf 79' lang='lat' dir='ltr'><em>Lemovicenfis</em></span> <span class='ocrx_word' id='word_1_129' title='bbox 491 890 554 921; x_wconf 80' lang='lat' dir='ltr'><em>pro</em></span> <span class='ocrx_word' id='word_1_130' title='bbox 582 879 734 924; x_wconf 77' lang='lat' dir='ltr'><em>nequitia</em></span> <span class='ocrx_word' id='word_1_131' title='bbox 758 875 875 921; x_wconf 76' lang='lat' dir='ltr'><em>populi</em></span> <span class='ocrx_word' id='word_1_132' title='bbox 902 884 1019 907; x_wconf 88' lang='lat' dir='ltr'><em>novam</em></span> <span class='ocrx_word' id='word_1_133' title='bbox 1045 870 1291 916; x_wconf 85' lang='lat' dir='ltr'><em>observantiam</em></span> <span class='ocrx_word' id='word_1_134' title='bbox 1316 872 1498 918; x_wconf 83' lang='lat' dir='ltr'><em>constituit.</em></span> <span class='ocrx_word' id='word_1_135' title='bbox 1557 873 1690 908; x_wconf 81' lang='lat' dir='ltr'><em>Scilicet</em></span> <span class='ocrx_word' id='word_1_136' title='bbox 1711 874 1850 920; x_wconf 69' lang='lat' dir='ltr'><em>ecclefias</em></span> 
     </span>
     <span class='ocr_line' id='line_1_16' title="bbox 235 920 1852 974; baseline -0.006 -9"><span class='ocrx_word' id='word_1_137' title='bbox 235 940 270 965; x_wconf 79' lang='lat' dir='ltr'><em>et</em></span> <span class='ocrx_word' id='word_1_138' title='bbox 296 927 492 974; x_wconf 77' lang='lat' dir='ltr'><em>monasteria</em></span> <span class='ocrx_word' id='word_1_139' title='bbox 519 926 642 971; x_wconf 84' lang='lat' dir='ltr'><em>ceffare</em></span> <span class='ocrx_word' id='word_1_140' title='bbox 668 937 688 958; x_wconf 89' lang='lat' dir='ltr'><em>a</em></span> <span class='ocrx_word' id='word_1_141' title='bbox 715 925 805 959; x_wconf 87' lang='lat' dir='ltr'><em>cultu</em></span> <span class='ocrx_word' id='word_1_142' title='bbox 832 922 969 962; x_wconf 84' lang='lat' dir='ltr'><em>divino,</em></span> <span class='ocrx_word' id='word_1_143' title='bbox 995 933 1015 956; x_wconf 88' lang='lat' dir='ltr'><em>a</em></span> <span class='ocrx_word' id='word_1_144' title='bbox 1033 922 1131 966; x_wconf 88' lang='lat' dir='ltr'><em>sacro</em></span> <span class='ocrx_word' id='word_1_145' title='bbox 1142 921 1271 966; x_wconf 68' lang='lat' dir='ltr'><em>-sanHo</em></span> <span class='ocrx_word' id='word_1_146' title='bbox 1288 920 1471 965; x_wconf 75' lang='lat' dir='ltr'><em>sacrificio,</em></span> <span class='ocrx_word' id='word_1_147' title='bbox 1506 931 1540 957; x_wconf 87' lang='lat' dir='ltr'><em>et</em></span> <span class='ocrx_word' id='word_1_148' title='bbox 1570 923 1727 969; x_wconf 80' lang='lat' dir='ltr'><em>populum</em></span> <span class='ocrx_word' id='word_1_149' title='bbox 1763 921 1852 970; x_wconf 83' lang='lat' dir='ltr'><em>quast</em></span> 
     </span>
     <span class='ocr_line' id='line_1_17' title="bbox 233 969 1852 1026; baseline -0.006 -14"><span class='ocrx_word' id='word_1_150' title='bbox 233 988 406 1026; x_wconf 79' lang='lat' dir='ltr'><em>paganum</em></span> <span class='ocrx_word' id='word_1_151' title='bbox 433 988 453 1009; x_wconf 87' lang='lat' dir='ltr'><em>a</em></span> <span class='ocrx_word' id='word_1_152' title='bbox 473 974 602 1009; x_wconf 82' lang='lat' dir='ltr'><em>divinis</em></span> <span class='ocrx_word' id='word_1_153' title='bbox 629 971 784 1008; x_wconf 77' lang='lat' dir='ltr'><em>laudibus</em></span> <span class='ocrx_word' id='word_1_154' title='bbox 809 971 927 1017; x_wconf 77' lang='lat' dir='ltr'><em>ccffzre</em></span> <span class='ocrx_word' id='word_1_155' title='bbox 953 980 987 1006; x_wconf 87' lang='lat' dir='ltr'><em>et</em></span> <span class='ocrx_word' id='word_1_156' title='bbox 1013 970 1096 1005; x_wconf 76' lang='lat' dir='ltr'><em>lianc</em></span> <span class='ocrx_word' id='word_1_157' title='bbox 1122 969 1365 1014; x_wconf 83' lang='lat' dir='ltr'><em>observantiam</em></span> <span class='ocrx_word' id='word_1_158' title='bbox 1392 973 1753 1006; x_wconf 82' lang='lat' dir='ltr'><em>excommunicationem</em></span> <span class='ocrx_word' id='word_1_159' title='bbox 1777 982 1852 1006; x_wconf 80' lang='lat' dir='ltr'><em>cen-</em></span> 
     </span>
     <span class='ocr_line' id='line_1_18' title="bbox 229 1017 1649 1074; baseline -0.005 -13"><span class='ocrx_word' id='word_1_160' title='bbox 229 1027 339 1074; x_wconf 74' lang='lat' dir='ltr'><em>sebar.</em></span> <span class='ocrx_word' id='word_1_161' title='bbox 366 1027 416 1058; x_wconf 84' lang='lat' dir='ltr'><em>Ita</em></span> <span class='ocrx_word' id='word_1_162' title='bbox 436 1033 595 1068; x_wconf 85' lang='lat' dir='ltr'><em>tempore</em></span> <span class='ocrx_word' id='word_1_163' title='bbox 611 1021 771 1056; x_wconf 87' lang='lat' dir='ltr'><em>Ademari</em></span> <span class='ocrx_word' id='word_1_164' title='bbox 795 1017 1019 1055; x_wconf 67' lang='lat' dir='ltr'><em>interdistum</em></span> <span class='ocrx_word' id='word_1_165' title='bbox 1046 1031 1134 1053; x_wconf 85' lang='lat' dir='ltr'><em>nova</em></span> <span class='ocrx_word' id='word_1_166' title='bbox 1149 1018 1326 1054; x_wconf 87' lang='lat' dir='ltr'><em>videbatur</em></span> <span class='ocrx_word' id='word_1_167' title='bbox 1345 1017 1409 1054; x_wconf 84' lang='lat' dir='ltr'><em>esse</em></span> <span class='ocrx_word' id='word_1_168' title='bbox 1428 1019 1649 1055; x_wconf 84' lang='lat' dir='ltr'><em>observantia.</em></span> 
     </span>
    </p>

    <p class='ocr_par' dir='ltr' id='par_1_6' title="bbox 233 1067 1854 1263">
     <span class='ocr_line' id='line_1_19' title="bbox 383 1067 1853 1115; baseline -0.002 -9"><span class='ocrx_word' id='word_1_169' title='bbox 383 1076 422 1106; x_wconf 83' lang='lat' dir='ltr'><em>Jn</em></span> <span class='ocrx_word' id='word_1_170' title='bbox 439 1072 583 1108; x_wconf 84' lang='lat' dir='ltr'><em>concilio</em></span> <span class='ocrx_word' id='word_1_171' title='bbox 603 1069 833 1106; x_wconf 79' lang='lat' dir='ltr'><em>Lemovicenfi</em></span> <span class='ocrx_word' id='word_1_172' title='bbox 853 1081 944 1104; x_wconf 85' lang='lat' dir='ltr'><em>anno</em></span> <span class='ocrx_word' id='word_1_173' title='bbox 967 1079 1072 1112; x_wconf 83' lang='lat'>1034.</span> <span class='ocrx_word' id='word_1_174' title='bbox 1101 1067 1281 1103; x_wconf 87' lang='lat' dir='ltr'><em>Oldericus</em></span> <span class='ocrx_word' id='word_1_175' title='bbox 1299 1068 1411 1109; x_wconf 80' lang='lat' dir='ltr'><em>abbas,</em></span> <span class='ocrx_word' id='word_1_176' title='bbox 1429 1081 1466 1104; x_wconf 80' lang='lat' dir='ltr'><em>ut</em></span> <span class='ocrx_word' id='word_1_177' title='bbox 1485 1067 1682 1115; x_wconf 79' lang='lat' dir='ltr'><em>pontificem</em></span> <span class='ocrx_word' id='word_1_178' title='bbox 1694 1068 1853 1104; x_wconf 84' lang='lat' dir='ltr'><em>bellisve-</em></span> 
     </span>
     <span class='ocr_line' id='line_1_20' title="bbox 233 1116 1852 1166; baseline -0.004 -7"><span class='ocrx_word' id='word_1_179' title='bbox 233 1135 352 1160; x_wconf 75' lang='lat' dir='ltr'><em>:xatum</em></span> <span class='ocrx_word' id='word_1_180' title='bbox 369 1121 577 1163; x_wconf 80' lang='lat' dir='ltr'><em>sublevaret,</em></span> <span class='ocrx_word' id='word_1_181' title='bbox 611 1119 780 1157; x_wconf 87' lang='lat' dir='ltr'><em>consuluit</em></span> <span class='ocrx_word' id='word_1_182' title='bbox 797 1118 983 1166; x_wconf 74' lang='lat' dir='ltr'><em>episcopie,</em></span> <span class='ocrx_word' id='word_1_183' title='bbox 1011 1130 1048 1154; x_wconf 93' lang='lat' dir='ltr'><em>ut</em></span> <span class='ocrx_word' id='word_1_184' title='bbox 1072 1119 1433 1153; x_wconf 82' lang='lat' dir='ltr'><em>excommunicationis</em></span> <span class='ocrx_word' id='word_1_185' title='bbox 1459 1118 1653 1154; x_wconf 87' lang='lat' dir='ltr'><em>sententiam</em></span> <span class='ocrx_word' id='word_1_186' title='bbox 1671 1116 1799 1154; x_wconf 86' lang='lat' dir='ltr'><em>ferrent</em></span> <span class='ocrx_word' id='word_1_187' title='bbox 1815 1119 1852 1153; x_wconf 82' lang='lat' dir='ltr'><em>in</em></span> 
     </span>
     <span class='ocr_line' id='line_1_21' title="bbox 239 1166 1854 1217; baseline -0.004 -9"><span class='ocrx_word' id='word_1_188' title='bbox 239 1186 308 1211; x_wconf 83' lang='lat' dir='ltr'><em>eos,</em></span> <span class='ocrx_word' id='word_1_189' title='bbox 328 1173 389 1217; x_wconf 87' lang='lat' dir='ltr'><em>qui</em></span> <span class='ocrx_word' id='word_1_190' title='bbox 404 1173 482 1217; x_wconf 84' lang='lat' dir='ltr'><em>paci</em></span> <span class='ocrx_word' id='word_1_191' title='bbox 499 1183 569 1207; x_wconf 87' lang='lat' dir='ltr'><em>non</em></span> <span class='ocrx_word' id='word_1_192' title='bbox 581 1170 843 1216; x_wconf 82' lang='lat' dir='ltr'><em>acquiescerent,</em></span> <span class='ocrx_word' id='word_1_193' title='bbox 871 1169 963 1203; x_wconf 84' lang='lat' dir='ltr'><em>itaut</em></span> <span class='ocrx_word' id='word_1_194' title='bbox 979 1167 1211 1203; x_wconf 84' lang='lat' dir='ltr'><em>inobedientes</em></span> <span class='ocrx_word' id='word_1_195' title='bbox 1228 1166 1305 1213; x_wconf 85' lang='lat' dir='ltr'><em>post</em></span> <span class='ocrx_word' id='word_1_196' title='bbox 1322 1180 1468 1203; x_wconf 87' lang='lat' dir='ltr'><em>mortem</em></span> <span class='ocrx_word' id='word_1_197' title='bbox 1488 1168 1659 1214; x_wconf 84' lang='lat' dir='ltr'><em>sepultura</em></span> <span class='ocrx_word' id='word_1_198' title='bbox 1677 1169 1854 1214; x_wconf 78' lang='lat' dir='ltr'><em>privat-en·</em></span> 
     </span>
     <span class='ocr_line' id='line_1_22' title="bbox 240 1215 1853 1263; baseline -0.004 -4"><span class='ocrx_word' id='word_1_199' title='bbox 240 1236 297 1259; x_wconf 89' lang='lat' dir='ltr'><em>tur</em></span> <span class='ocrx_word' id='word_1_200' title='bbox 320 1220 547 1262; x_wconf 76' lang='lat' dir='ltr'><em>eccleliastica,</em></span> <span class='ocrx_word' id='word_1_201' title='bbox 600 1220 859 1256; x_wconf 77' lang='lat' dir='ltr'><em>interdiceretur</em></span> <span class='ocrx_word' id='word_1_202' title='bbox 885 1218 978 1263; x_wconf 81' lang='lat' dir='ltr'><em>apud</em></span> <span class='ocrx_word' id='word_1_203' title='bbox 995 1229 1053 1252; x_wconf 88' lang='lat' dir='ltr'><em>eos</em></span> <span class='ocrx_word' id='word_1_204' title='bbox 1075 1215 1226 1253; x_wconf 82' lang='lat' dir='ltr'><em>officium</em></span> <span class='ocrx_word' id='word_1_205' title='bbox 1249 1216 1446 1262; x_wconf 81' lang='lat' dir='ltr'><em>pubiicum,</em></span> <span class='ocrx_word' id='word_1_206' title='bbox 1498 1226 1601 1261; x_wconf 85' lang='lat' dir='ltr'><em>atque</em></span> <span class='ocrx_word' id='word_1_207' title='bbox 1625 1227 1678 1257; x_wconf 83' lang='lat' dir='ltr'><em>ut,</em></span> <span class='ocrx_word' id='word_1_208' title='bbox 1713 1227 1853 1262; x_wconf 83' lang='lat' dir='ltr'><em>excepto</em></span> 
     </span>
    </p>
   </div>
   <div class='ocr_carea' id='block_1_4' title="bbox 1946 0 1982 1018">
    <p class='ocr_par' dir='ltr' id='par_1_7' title="bbox 1946 0 1982 1018">
     <span class='ocr_line' id='line_1_23' title="bbox 1946 0 1982 1018; baseline 0 0"><span class='ocrx_word' id='word_1_209' title='bbox 1946 0 1982 1018; x_wconf 95' lang='lat' dir='ltr'><em> </em></span> 
     </span>
    </p>
   </div>
   <div class='ocr_carea' id='block_1_5' title="bbox 238 1264 1962 1320">
    <p class='ocr_par' dir='ltr' id='par_1_8' title="bbox 238 1264 1962 1320">
     <span class='ocr_line' id='line_1_24' title="bbox 238 1264 1962 1320; baseline -0.003 -14"><span class='ocrx_word' id='word_1_210' title='bbox 238 1271 467 1320; x_wconf 83' lang='lat' dir='ltr'><em>parvulorum</em></span> <span class='ocrx_word' id='word_1_211' title='bbox 510 1267 681 1315; x_wconf 86' lang='lat' dir='ltr'><em>baptismo</em></span> <span class='ocrx_word' id='word_1_212' title='bbox 724 1278 756 1302; x_wconf 87' lang='lat' dir='ltr'><em>et</em></span> <span class='ocrx_word' id='word_1_213' title='bbox 796 1267 1019 1301; x_wconf 84' lang='lat' dir='ltr'><em>morientium</em></span> <span class='ocrx_word' id='word_1_214' title='bbox 1053 1265 1198 1305; x_wconf 85' lang='lat' dir='ltr'><em>viatico,</em></span> <span class='ocrx_word' id='word_1_215' title='bbox 1249 1264 1384 1300; x_wconf 87' lang='lat' dir='ltr'><em>nullum</em></span> <span class='ocrx_word' id='word_1_216' title='bbox 1419 1264 1708 1300; x_wconf 79' lang='lat' dir='ltr'><em>administraretur</em></span> <span class='ocrx_word' id='word_1_217' title='bbox 1745 1265 1852 1301; x_wconf 76' lang='lat' dir='ltr'><em>sacra·</em></span> <span class='ocrx_word' id='word_1_218' title='bbox 1875 1304 1903 1312; x_wconf 26' lang='grc' dir='ltr'><em>,μ</em></span> <span class='ocrx_word' id='word_1_219' title='bbox 1954 1300 1962 1306; x_wconf 74' lang='grc'><em>,</em></span> 
     </span>
    </p>
   </div>
   <div class='ocr_carea' id='block_1_6' title="bbox 236 1331 1854 1412">
    <p class='ocr_par' dir='ltr' id='par_1_9' title="bbox 236 1331 1854 1412">
     <span class='ocr_line' id='line_1_25' title="bbox 236 1331 406 1357; baseline -0.024 0"><span class='ocrx_word' id='word_1_220' title='bbox 236 1331 406 1357; x_wconf 85' lang='lat' dir='ltr'><em>mentum.</em></span> 
     </span>
     <span class='ocr_line' id='line_1_26' title="bbox 390 1359 1854 1412; baseline -0.001 -10"><span class='ocrx_word' id='word_1_221' title='bbox 390 1370 522 1403; x_wconf 84' lang='lat' dir='ltr'><em>Verum</em></span> <span class='ocrx_word' id='word_1_222' title='bbox 541 1365 646 1412; x_wconf 86' lang='lat' dir='ltr'><em>usque</em></span> <span class='ocrx_word' id='word_1_223' title='bbox 663 1363 703 1398; x_wconf 86' lang='lat' dir='ltr'><em>ad</em></span> <span class='ocrx_word' id='word_1_224' title='bbox 719 1364 934 1410; x_wconf 87' lang='lat' dir='ltr'><em>Gregorium</em></span> <span class='ocrx_word' id='word_1_225' title='bbox 953 1364 1032 1397; x_wconf 88' lang='lat' dir='ltr'>VII.</span> <span class='ocrx_word' id='word_1_226' title='bbox 1052 1373 1126 1396; x_wconf 84' lang='lat' dir='ltr'><em>rara</em></span> <span class='ocrx_word' id='word_1_227' title='bbox 1149 1359 1290 1397; x_wconf 77' lang='lat' dir='ltr'><em>fuerunt</em></span> <span class='ocrx_word' id='word_1_228' title='bbox 1313 1362 1499 1397; x_wconf 75' lang='lat' dir='ltr'><em>admodum</em></span> <span class='ocrx_word' id='word_1_229' title='bbox 1529 1361 1725 1403; x_wconf 70' lang='lat' dir='ltr'><em>imerdista,</em></span> <span class='ocrx_word' id='word_1_230' title='bbox 1761 1374 1794 1399; x_wconf 89' lang='lat' dir='ltr'><em>et</em></span> <span class='ocrx_word' id='word_1_231' title='bbox 1819 1365 1854 1400; x_wconf 89' lang='lat' dir='ltr'><em>in</em></span> 
     </span>
    </p>
   </div>
   <div class='ocr_carea' id='block_1_7' title="bbox 241 1409 1856 2335">
    <p class='ocr_par' dir='ltr' id='par_1_10' title="bbox 241 1409 1855 1757">
     <span class='ocr_line' id='line_1_27' title="bbox 242 1409 1854 1466; baseline -0.002 -14"><span class='ocrx_word' id='word_1_232' title='bbox 242 1417 430 1466; x_wconf 83' lang='lat' dir='ltr'><em>peculiares</em></span> <span class='ocrx_word' id='word_1_233' title='bbox 450 1414 611 1460; x_wconf 78' lang='lat' dir='ltr'><em>quasdam</em></span> <span class='ocrx_word' id='word_1_234' title='bbox 631 1412 779 1448; x_wconf 83' lang='lat' dir='ltr'><em>ecclesias</em></span> <span class='ocrx_word' id='word_1_235' title='bbox 796 1412 1008 1451; x_wconf 81' lang='lat' dir='ltr'><em>ferebantur,</em></span> <span class='ocrx_word' id='word_1_236' title='bbox 1036 1422 1069 1444; x_wconf 81' lang='lat' dir='ltr'><em>at</em></span> <span class='ocrx_word' id='word_1_237' title='bbox 1092 1410 1149 1444; x_wconf 82' lang='lat' dir='ltr'><em>ille</em></span> <span class='ocrx_word' id='word_1_238' title='bbox 1176 1409 1332 1455; x_wconf 82' lang='lat' dir='ltr'><em>pontifex</em></span> <span class='ocrx_word' id='word_1_239' title='bbox 1358 1411 1432 1447; x_wconf 90' lang='lat' dir='ltr'><em>suae</em></span> <span class='ocrx_word' id='word_1_240' title='bbox 1457 1413 1648 1447; x_wconf 76' lang='lat' dir='ltr'><em>autoritatis</em></span> <span class='ocrx_word' id='word_1_241' title='bbox 1676 1414 1854 1458; x_wconf 78' lang='lat' dir='ltr'><em>augendae</em></span> 
     </span>
     <span class='ocr_line' id='line_1_28' title="bbox 241 1459 1855 1515; baseline -0.002 -15"><span class='ocrx_word' id='word_1_242' title='bbox 241 1478 410 1515; x_wconf 81' lang='lat' dir='ltr'><em>perquam</em></span> <span class='ocrx_word' id='word_1_243' title='bbox 428 1463 593 1500; x_wconf 82' lang='lat' dir='ltr'><em>studiosus</em></span> <span class='ocrx_word' id='word_1_244' title='bbox 611 1464 652 1498; x_wconf 87' lang='lat' dir='ltr'><em>iis</em></span> <span class='ocrx_word' id='word_1_245' title='bbox 671 1459 870 1506; x_wconf 80' lang='lat' dir='ltr'><em>frequenter</em></span> <span class='ocrx_word' id='word_1_246' title='bbox 888 1461 989 1495; x_wconf 88' lang='lat' dir='ltr'><em>etiam</em></span> <span class='ocrx_word' id='word_1_247' title='bbox 1008 1460 1042 1493; x_wconf 87' lang='lat' dir='ltr'><em>in</em></span> <span class='ocrx_word' id='word_1_248' title='bbox 1060 1460 1192 1503; x_wconf 84' lang='lat' dir='ltr'><em>integra</em></span> <span class='ocrx_word' id='word_1_249' title='bbox 1207 1471 1311 1504; x_wconf 72' lang='lat' dir='ltr'><em>regno</em></span> <span class='ocrx_word' id='word_1_250' title='bbox 1330 1459 1408 1495; x_wconf 88' lang='lat' dir='ltr'><em>usus</em></span> <span class='ocrx_word' id='word_1_251' title='bbox 1418 1459 1463 1495; x_wconf 86' lang='lat' dir='ltr'><em>est</em></span> <span class='ocrx_word' id='word_1_252' title='bbox 1481 1472 1513 1496; x_wconf 92' lang='lat' dir='ltr'><em>et</em></span> <span class='ocrx_word' id='word_1_253' title='bbox 1529 1461 1602 1496; x_wconf 84' lang='lat' dir='ltr'><em>aliis</em></span> <span class='ocrx_word' id='word_1_254' title='bbox 1621 1461 1798 1508; x_wconf 80' lang='lat' dir='ltr'><em>episcopis,</em></span> <span class='ocrx_word' id='word_1_255' title='bbox 1816 1473 1855 1499; x_wconf 82' lang='lat' dir='ltr'><em>ut</em></span> 
     </span>
     <span class='ocr_line' id='line_1_29' title="bbox 242 1507 1855 1559; baseline -0.003 -7"><span class='ocrx_word' id='word_1_256' title='bbox 242 1519 333 1552; x_wconf 85' lang='lat' dir='ltr'><em>idem</em></span> <span class='ocrx_word' id='word_1_257' title='bbox 345 1525 519 1554; x_wconf 87' lang='lat' dir='ltr'><em>tentarent,</em></span> <span class='ocrx_word' id='word_1_258' title='bbox 541 1511 695 1558; x_wconf 84' lang='lat' dir='ltr'><em>exemplo</em></span> <span class='ocrx_word' id='word_1_259' title='bbox 710 1508 787 1544; x_wconf 86' lang='lat' dir='ltr'><em>fuit.</em></span> <span class='ocrx_word' id='word_1_260' title='bbox 841 1510 936 1544; x_wconf 85' lang='lat' dir='ltr'><em>Hinc</em></span> <span class='ocrx_word' id='word_1_261' title='bbox 951 1507 1053 1554; x_wconf 80' lang='lat' dir='ltr'><em>hujus</em></span> <span class='ocrx_word' id='word_1_262' title='bbox 1071 1507 1257 1552; x_wconf 83' lang='lat' dir='ltr'><em>praecipue</em></span> <span class='ocrx_word' id='word_1_263' title='bbox 1277 1519 1433 1553; x_wconf 86' lang='lat' dir='ltr'><em>tempore</em></span> <span class='ocrx_word' id='word_1_264' title='bbox 1450 1510 1565 1545; x_wconf 87' lang='lat' dir='ltr'><em>multis</em></span> <span class='ocrx_word' id='word_1_265' title='bbox 1585 1510 1778 1547; x_wconf 68' lang='lat' dir='ltr'><em>iuret-distis</em></span> <span class='ocrx_word' id='word_1_266' title='bbox 1788 1524 1855 1559; x_wconf 80' lang='lat' dir='ltr'><em>pax</em></span> 
     </span>
     <span class='ocr_line' id='line_1_30' title="bbox 242 1555 1855 1607; baseline -0.006 -7"><span class='ocrx_word' id='word_1_267' title='bbox 242 1564 389 1601; x_wconf 68' lang='lat' dir='ltr'><em>ecclesiae</em></span> <span class='ocrx_word' id='word_1_268' title='bbox 407 1562 538 1598; x_wconf 82' lang='lat' dir='ltr'><em>turbata</em></span> <span class='ocrx_word' id='word_1_269' title='bbox 558 1562 621 1599; x_wconf 89' lang='lat' dir='ltr'><em>est,</em></span> <span class='ocrx_word' id='word_1_270' title='bbox 647 1571 797 1605; x_wconf 89' lang='lat' dir='ltr'><em>quorum</em></span> <span class='ocrx_word' id='word_1_271' title='bbox 814 1557 966 1604; x_wconf 86' lang='lat' dir='ltr'><em>exempla</em></span> <span class='ocrx_word' id='word_1_272' title='bbox 985 1555 1240 1602; x_wconf 87' lang='lat' dir='ltr'><em>quamplurima</em></span> <span class='ocrx_word' id='word_1_273' title='bbox 1258 1556 1374 1592; x_wconf 86' lang='lat' dir='ltr'><em>videre</em></span> <span class='ocrx_word' id='word_1_274' title='bbox 1384 1557 1428 1592; x_wconf 90' lang='lat' dir='ltr'><em>est</em></span> <span class='ocrx_word' id='word_1_275' title='bbox 1444 1560 1537 1604; x_wconf 81' lang='lat' dir='ltr'><em>apud</em></span> <span class='ocrx_word' id='word_1_276' title='bbox 1555 1562 1713 1596; x_wconf 78' lang='lat' dir='ltr'><em>Yvonem</em></span> <span class='ocrx_word' id='word_1_277' title='bbox 1731 1561 1855 1607; x_wconf 80' lang='lat' dir='ltr'><em>episto.</em></span> 
     </span>
     <span class='ocr_line' id='line_1_31' title="bbox 243 1604 1855 1656; baseline -0.005 -6"><span class='ocrx_word' id='word_1_278' title='bbox 243 1617 285 1651; x_wconf 85' lang='lat' dir='ltr'><em>lis</em></span> <span class='ocrx_word' id='word_1_279' title='bbox 309 1626 361 1655; x_wconf 86' lang='lat'><em>50,</em></span> <span class='ocrx_word' id='word_1_280' title='bbox 379 1618 410 1650; x_wconf 87' lang='lat'><em>6,</em></span> <span class='ocrx_word' id='word_1_281' title='bbox 424 1625 452 1656; x_wconf 88' lang='lat'><em>3,</em></span> <span class='ocrx_word' id='word_1_282' title='bbox 468 1625 546 1652; x_wconf 83' lang='lat'>120,</span> <span class='ocrx_word' id='word_1_283' title='bbox 561 1612 734 1652; x_wconf 81' lang='lat'>121‚263,</span> <span class='ocrx_word' id='word_1_284' title='bbox 750 1620 782 1643; x_wconf 87' lang='lat' dir='ltr'><em>et</em></span> <span class='ocrx_word' id='word_1_285' title='bbox 804 1612 891 1650; x_wconf 79' lang='lat'>264,</span> <span class='ocrx_word' id='word_1_286' title='bbox 910 1618 941 1642; x_wconf 84' lang='lat' dir='ltr'><em>et</em></span> <span class='ocrx_word' id='word_1_287' title='bbox 960 1610 1044 1642; x_wconf 80' lang='lat'><strong>266.</strong></span> <span class='ocrx_word' id='word_1_288' title='bbox 1074 1606 1133 1650; x_wconf 88' lang='lat' dir='ltr'><em>qui</em></span> <span class='ocrx_word' id='word_1_289' title='bbox 1152 1607 1251 1640; x_wconf 87' lang='lat' dir='ltr'><em>etiam</em></span> <span class='ocrx_word' id='word_1_290' title='bbox 1263 1604 1357 1651; x_wconf 87' lang='lat' dir='ltr'><em>epist.</em></span> <span class='ocrx_word' id='word_1_291' title='bbox 1378 1618 1433 1651; x_wconf 88' lang='lat'><em>94.</em></span> <span class='ocrx_word' id='word_1_292' title='bbox 1452 1605 1674 1644; x_wconf 68' lang='lat' dir='ltr'><em>interdictum</em></span> <span class='ocrx_word' id='word_1_293' title='bbox 1690 1620 1787 1646; x_wconf 85' lang='lat' dir='ltr'><em>vocat</em></span> <span class='ocrx_word' id='word_1_294' title='bbox 1801 1623 1855 1646; x_wconf 90' lang='lat' dir='ltr'><em>re.</em></span> 
     </span>
     <span class='ocr_line' id='line_1_32' title="bbox 242 1653 1855 1704; baseline -0.002 -4"><span class='ocrx_word' id='word_1_295' title='bbox 242 1664 394 1700; x_wconf 83' lang='lat' dir='ltr'><em>medium</em></span> <span class='ocrx_word' id='word_1_296' title='bbox 412 1660 587 1696; x_wconf 83' lang='lat' dir='ltr'><em>insolitum</em></span> <span class='ocrx_word' id='word_1_297' title='bbox 600 1686 609 1701; x_wconf 87' lang='lat'>,</span> <span class='ocrx_word' id='word_1_298' title='bbox 638 1657 858 1703; x_wconf 81' lang='lat' dir='ltr'><em>observatque</em></span> <span class='ocrx_word' id='word_1_299' title='bbox 875 1658 911 1691; x_wconf 86' lang='lat' dir='ltr'><em>in</em></span> <span class='ocrx_word' id='word_1_300' title='bbox 932 1654 991 1692; x_wconf 84' lang='lat' dir='ltr'><em>usu</em></span> <span class='ocrx_word' id='word_1_301' title='bbox 1008 1653 1216 1703; x_wconf 82' lang='lat' dir='ltr'><em>potiffimum</em></span> <span class='ocrx_word' id='word_1_302' title='bbox 1231 1654 1330 1690; x_wconf 72' lang='lat' dir='ltr'><em>fuisse</em></span> <span class='ocrx_word' id='word_1_303' title='bbox 1347 1656 1383 1691; x_wconf 89' lang='lat' dir='ltr'><em>in</em></span> <span class='ocrx_word' id='word_1_304' title='bbox 1400 1655 1495 1693; x_wconf 84' lang='lat' dir='ltr'><em>causa</em></span> <span class='ocrx_word' id='word_1_305' title='bbox 1511 1655 1678 1704; x_wconf 81' lang='lat' dir='ltr'><em>sacrilegii</em></span> <span class='ocrx_word' id='word_1_306' title='bbox 1703 1670 1760 1695; x_wconf 82' lang='lat' dir='ltr'><em>aut</em></span> <span class='ocrx_word' id='word_1_307' title='bbox 1783 1661 1855 1696; x_wconf 85' lang='lat' dir='ltr'><em>vio-</em></span> 
     </span>
     <span class='ocr_line' id='line_1_33' title="bbox 241 1712 515 1757; baseline -0.015 -7"><span class='ocrx_word' id='word_1_308' title='bbox 241 1714 379 1750; x_wconf 79' lang='lat' dir='ltr'><em>lationis</em></span> <span class='ocrx_word' id='word_1_309' title='bbox 411 1712 515 1757; x_wconf 80' lang='lat' dir='ltr'><em>pacis.</em></span> 
     </span>
    </p>

    <p class='ocr_par' dir='ltr' id='par_1_11' title="bbox 245 1753 1856 2298">
     <span class='ocr_line' id='line_1_34' title="bbox 397 1753 1856 1801; baseline -0.003 -6"><span class='ocrx_word' id='word_1_310' title='bbox 397 1764 579 1796; x_wconf 82' lang='lat' dir='ltr'><em>Caeterum</em></span> <span class='ocrx_word' id='word_1_311' title='bbox 599 1755 777 1793; x_wconf 55' lang='lat' dir='ltr'><em>interdieia</em></span> <span class='ocrx_word' id='word_1_312' title='bbox 803 1754 970 1801; x_wconf 80' lang='lat' dir='ltr'><em>generalia</em></span> <span class='ocrx_word' id='word_1_313' title='bbox 995 1753 1039 1789; x_wconf 87' lang='lat' dir='ltr'><em>ad</em></span> <span class='ocrx_word' id='word_1_314' title='bbox 1062 1753 1218 1790; x_wconf 84' lang='lat' dir='ltr'><em>tuendam</em></span> <span class='ocrx_word' id='word_1_315' title='bbox 1241 1755 1456 1791; x_wconf 79' lang='lat' dir='ltr'><em>autoritatem</em></span> <span class='ocrx_word' id='word_1_316' title='bbox 1487 1756 1734 1794; x_wconf 77' lang='lat' dir='ltr'><em>ecelesiasticam</em></span> <span class='ocrx_word' id='word_1_317' title='bbox 1759 1757 1856 1795; x_wconf 79' lang='lat' dir='ltr'><em>adin.</em></span> 
     </span>
     <span class='ocr_line' id='line_1_35' title="bbox 245 1802 1855 1852; baseline -0.002 -5"><span class='ocrx_word' id='word_1_318' title='bbox 245 1822 342 1848; x_wconf 82' lang='lat' dir='ltr'><em>venta</em></span> <span class='ocrx_word' id='word_1_319' title='bbox 361 1811 571 1845; x_wconf 74' lang='lat' dir='ltr'><em>contrarium</em></span> <span class='ocrx_word' id='word_1_320' title='bbox 589 1807 730 1843; x_wconf 84' lang='lat' dir='ltr'><em>omnino</em></span> <span class='ocrx_word' id='word_1_321' title='bbox 749 1804 909 1842; x_wconf 84' lang='lat' dir='ltr'><em>effecere,</em></span> <span class='ocrx_word' id='word_1_322' title='bbox 937 1816 1013 1839; x_wconf 83' lang='lat' dir='ltr'><em>nam</em></span> <span class='ocrx_word' id='word_1_323' title='bbox 1031 1815 1069 1839; x_wconf 92' lang='lat' dir='ltr'><em>ut</em></span> <span class='ocrx_word' id='word_1_324' title='bbox 1089 1802 1242 1839; x_wconf 86' lang='lat' dir='ltr'><em>observat</em></span> <span class='ocrx_word' id='word_1_325' title='bbox 1261 1805 1342 1839; x_wconf 94' lang='lat' dir='ltr'><em>Soto</em></span> <span class='ocrx_word' id='word_1_326' title='bbox 1361 1806 1395 1838; x_wconf 91' lang='lat' dir='ltr'><em>in</em></span> <span class='ocrx_word' id='word_1_327' title='bbox 1415 1816 1447 1847; x_wconf 88' lang='grc'><em>4,</em></span> <span class='ocrx_word' id='word_1_328' title='bbox 1467 1805 1538 1840; x_wconf 88' lang='lat' dir='ltr'><em>dist.</em></span> <span class='ocrx_word' id='word_1_329' title='bbox 1563 1819 1618 1841; x_wconf 82' lang='lat'><em>22.</em></span> <span class='ocrx_word' id='word_1_330' title='bbox 1637 1806 1759 1852; x_wconf 79' lang='lat' dir='ltr'><em>quaest.</em></span> <span class='ocrx_word' id='word_1_331' title='bbox 1774 1818 1804 1852; x_wconf 87' lang='lat'><em>3.</em></span> <span class='ocrx_word' id='word_1_332' title='bbox 1823 1821 1855 1845; x_wconf 78' lang='lat' dir='ltr'><em>a.</em></span> 
     </span>
     <span class='ocr_line' id='line_1_36' title="bbox 251 1853 1854 1906; baseline -0.001 -11"><span class='ocrx_word' id='word_1_333' title='bbox 251 1875 281 1896; x_wconf 85' lang='lat'><em>1.</em></span> <span class='ocrx_word' id='word_1_334' title='bbox 337 1859 562 1895; x_wconf 70' lang='lat' dir='ltr'><em>InterdiHum</em></span> <span class='ocrx_word' id='word_1_335' title='bbox 578 1859 730 1906; x_wconf 80' lang='lat' dir='ltr'><em>quamvis</em></span> <span class='ocrx_word' id='word_1_336' title='bbox 746 1867 786 1891; x_wconf 85' lang='lat' dir='ltr'><em>ex</em></span> <span class='ocrx_word' id='word_1_337' title='bbox 804 1867 871 1890; x_wconf 87' lang='lat' dir='ltr'><em>una</em></span> <span class='ocrx_word' id='word_1_338' title='bbox 884 1862 986 1902; x_wconf 83' lang='lat' dir='ltr'><em>parte</em></span> <span class='ocrx_word' id='word_1_339' title='bbox 1007 1853 1053 1888; x_wconf 86' lang='lat' dir='ltr'><em>ad</em></span> <span class='ocrx_word' id='word_1_340' title='bbox 1068 1862 1226 1888; x_wconf 86' lang='lat' dir='ltr'><em>terrorem</em></span> <span class='ocrx_word' id='word_1_341' title='bbox 1243 1858 1589 1891; x_wconf 79' lang='lat' dir='ltr'><em>excommunicatorum</em></span> <span class='ocrx_word' id='word_1_342' title='bbox 1607 1857 1784 1898; x_wconf 79' lang='lat' dir='ltr'><em>conducat,</em></span> <span class='ocrx_word' id='word_1_343' title='bbox 1811 1869 1854 1894; x_wconf 79' lang='lat' dir='ltr'><em>ex</em></span> 
     </span>
     <span class='ocr_line' id='line_1_37' title="bbox 246 1901 1853 1954; baseline -0.002 -9"><span class='ocrx_word' id='word_1_344' title='bbox 246 1913 354 1946; x_wconf 83' lang='lat' dir='ltr'><em>altera</em></span> <span class='ocrx_word' id='word_1_345' title='bbox 373 1918 484 1944; x_wconf 82' lang='lat' dir='ltr'><em>tamen</em></span> <span class='ocrx_word' id='word_1_346' title='bbox 503 1913 538 1942; x_wconf 78' lang='lat' dir='ltr'><em>in</em></span> <span class='ocrx_word' id='word_1_347' title='bbox 555 1908 737 1954; x_wconf 82' lang='lat' dir='ltr'><em>periculum</em></span> <span class='ocrx_word' id='word_1_348' title='bbox 758 1905 876 1940; x_wconf 78' lang='lat' dir='ltr'><em>divini</em></span> <span class='ocrx_word' id='word_1_349' title='bbox 894 1905 999 1939; x_wconf 86' lang='lat' dir='ltr'><em>cultus</em></span> <span class='ocrx_word' id='word_1_350' title='bbox 1019 1905 1138 1952; x_wconf 86' lang='lat' dir='ltr'><em>vergit</em></span> <span class='ocrx_word' id='word_1_351' title='bbox 1152 1901 1364 1950; x_wconf 80' lang='lat' dir='ltr'><em>potiffimum,</em></span> <span class='ocrx_word' id='word_1_352' title='bbox 1393 1916 1469 1940; x_wconf 88' lang='lat' dir='ltr'><em>nam</em></span> <span class='ocrx_word' id='word_1_353' title='bbox 1492 1913 1574 1940; x_wconf 76' lang='lat' dir='ltr'><em>tunc</em></span> <span class='ocrx_word' id='word_1_354' title='bbox 1595 1918 1659 1943; x_wconf 78' lang='lat' dir='ltr'><em>non</em></span> <span class='ocrx_word' id='word_1_355' title='bbox 1671 1908 1776 1952; x_wconf 80' lang='lat' dir='ltr'><em>solum</em></span> <span class='ocrx_word' id='word_1_356' title='bbox 1789 1919 1853 1954; x_wconf 83' lang='lat' dir='ltr'><em>po-</em></span> 
     </span>
     <span class='ocr_line' id='line_1_38' title="bbox 245 1952 1855 2008; baseline -0.001 -14"><span class='ocrx_word' id='word_1_357' title='bbox 245 1961 345 2008; x_wconf 77' lang='lat' dir='ltr'><em>pulus</em></span> <span class='ocrx_word' id='word_1_358' title='bbox 361 1957 577 2001; x_wconf 79' lang='lat' dir='ltr'><em>desuetudine</em></span> <span class='ocrx_word' id='word_1_359' title='bbox 587 1954 839 2004; x_wconf 74' lang='lat' dir='ltr'><em>frequentandi</em></span> <span class='ocrx_word' id='word_1_360' title='bbox 854 1953 975 1987; x_wconf 80' lang='lat' dir='ltr'><em>dwiua</em></span> <span class='ocrx_word' id='word_1_361' title='bbox 994 1952 1098 1996; x_wconf 75' lang='lat' dir='ltr'><em>officia</em></span> <span class='ocrx_word' id='word_1_362' title='bbox 1116 1952 1283 1998; x_wconf 72' lang='lat' dir='ltr'><em>adfeHum</em></span> <span class='ocrx_word' id='word_1_363' title='bbox 1299 1963 1410 1988; x_wconf 87' lang='lat' dir='ltr'><em>eorum</em></span> <span class='ocrx_word' id='word_1_364' title='bbox 1427 1963 1460 1989; x_wconf 86' lang='lat' dir='ltr'><em>et</em></span> <span class='ocrx_word' id='word_1_365' title='bbox 1470 1955 1603 1998; x_wconf 79' lang='lat' dir='ltr'><em>sensum</em></span> <span class='ocrx_word' id='word_1_366' title='bbox 1626 1956 1764 2002; x_wconf 80' lang='lat' dir='ltr'><em>perdit,</em></span> <span class='ocrx_word' id='word_1_367' title='bbox 1799 1967 1855 1992; x_wconf 64' lang='lat' dir='ltr'><em>veb</em></span> 
     </span>
     <span class='ocr_line' id='line_1_39' title="bbox 247 2001 1856 2054; baseline -0.001 -11"><span class='ocrx_word' id='word_1_368' title='bbox 247 2020 322 2044; x_wconf 89' lang='lat' dir='ltr'><em>rum</em></span> <span class='ocrx_word' id='word_1_369' title='bbox 350 2010 450 2042; x_wconf 83' lang='lat' dir='ltr'><em>etiam</em></span> <span class='ocrx_word' id='word_1_370' title='bbox 476 2015 509 2040; x_wconf 85' lang='lat' dir='ltr'><em>et</em></span> <span class='ocrx_word' id='word_1_371' title='bbox 538 2007 642 2040; x_wconf 83' lang='lat' dir='ltr'><em>clerus</em></span> <span class='ocrx_word' id='word_1_372' title='bbox 663 2005 732 2051; x_wconf 74' lang='lat' dir='ltr'><em>ipse</em></span> <span class='ocrx_word' id='word_1_373' title='bbox 751 2001 798 2044; x_wconf 83' lang='lat' dir='ltr'><em>fit</em></span> <span class='ocrx_word' id='word_1_374' title='bbox 822 2001 984 2049; x_wconf 80' lang='lat' dir='ltr'><em>remzffior</em></span> <span class='ocrx_word' id='word_1_375' title='bbox 1007 2011 1039 2037; x_wconf 89' lang='lat' dir='ltr'><em>et</em></span> <span class='ocrx_word' id='word_1_376' title='bbox 1050 2002 1193 2050; x_wconf 84' lang='lat' dir='ltr'><em>segnior</em></span> <span class='ocrx_word' id='word_1_377' title='bbox 1215 2001 1261 2035; x_wconf 85' lang='lat' dir='ltr'><em>ad</em></span> <span class='ocrx_word' id='word_1_378' title='bbox 1275 2001 1386 2036; x_wconf 82' lang='lat' dir='ltr'><em>eadem</em></span> <span class='ocrx_word' id='word_1_379' title='bbox 1408 2002 1528 2038; x_wconf 80' lang='lat' dir='ltr'><em>divina</em></span> <span class='ocrx_word' id='word_1_380' title='bbox 1547 2003 1764 2046; x_wconf 83' lang='lat' dir='ltr'><em>celebranda,</em></span> <span class='ocrx_word' id='word_1_381' title='bbox 1790 2016 1856 2054; x_wconf 76' lang='lat' dir='ltr'><em>qua</em></span> 
     </span>
     <span class='ocr_line' id='line_1_40' title="bbox 247 2051 1855 2105; baseline -0.002 -12"><span class='ocrx_word' id='word_1_382' title='bbox 247 2060 364 2105; x_wconf 81' lang='lat' dir='ltr'><em>utique</em></span> <span class='ocrx_word' id='word_1_383' title='bbox 382 2057 516 2091; x_wconf 78' lang='lat' dir='ltr'><em>ratione</em></span> <span class='ocrx_word' id='word_1_384' title='bbox 533 2063 566 2088; x_wconf 86' lang='lat' dir='ltr'><em>et</em></span> <span class='ocrx_word' id='word_1_385' title='bbox 582 2053 703 2088; x_wconf 85' lang='lat' dir='ltr'><em>divina</em></span> <span class='ocrx_word' id='word_1_386' title='bbox 721 2053 844 2099; x_wconf 85' lang='lat' dir='ltr'><em>religio</em></span> <span class='ocrx_word' id='word_1_387' title='bbox 863 2051 1101 2086; x_wconf 82' lang='lat' dir='ltr'><em>detrimentum</em></span> <span class='ocrx_word' id='word_1_388' title='bbox 1113 2052 1253 2097; x_wconf 81' lang='lat' dir='ltr'><em>patitur</em></span> <span class='ocrx_word' id='word_1_389' title='bbox 1271 2059 1303 2085; x_wconf 85' lang='lat' dir='ltr'><em>et</em></span> <span class='ocrx_word' id='word_1_390' title='bbox 1317 2053 1457 2097; x_wconf 83' lang='lat' dir='ltr'><em>populus</em></span> <span class='ocrx_word' id='word_1_391' title='bbox 1477 2054 1562 2097; x_wconf 78' lang='lat' dir='ltr'><em>solet</em></span> <span class='ocrx_word' id='word_1_392' title='bbox 1585 2057 1622 2088; x_wconf 87' lang='lat' dir='ltr'><em>in</em></span> <span class='ocrx_word' id='word_1_393' title='bbox 1638 2053 1781 2090; x_wconf 83' lang='lat' dir='ltr'><em>moribus</em></span> <span class='ocrx_word' id='word_1_394' title='bbox 1792 2055 1855 2102; x_wconf 84' lang='lat' dir='ltr'><em>fil-</em></span> 
     </span>
     <span class='ocr_line' id='line_1_41' title="bbox 248 2097 1856 2151; baseline -0.002 -10"><span class='ocrx_word' id='word_1_395' title='bbox 248 2110 389 2151; x_wconf 75' lang='lat' dir='ltr'><em>vescere.</em></span> <span class='ocrx_word' id='word_1_396' title='bbox 443 2103 567 2138; x_wconf 83' lang='lat' dir='ltr'><em>Eadem</em></span> <span class='ocrx_word' id='word_1_397' title='bbox 588 2102 671 2136; x_wconf 75' lang='lat' dir='ltr'><em>mala</em></span> <span class='ocrx_word' id='word_1_398' title='bbox 694 2101 865 2146; x_wconf 84' lang='lat' dir='ltr'><em>eleganter</em></span> <span class='ocrx_word' id='word_1_399' title='bbox 883 2099 1119 2135; x_wconf 84' lang='lat' dir='ltr'><em>describuntur</em></span> <span class='ocrx_word' id='word_1_400' title='bbox 1137 2111 1156 2133; x_wconf 80' lang='lat' dir='ltr'><em>a</em></span> <span class='ocrx_word' id='word_1_401' title='bbox 1174 2097 1351 2134; x_wconf 81' lang='lat' dir='ltr'><em>Bonifacio</em></span> <span class='ocrx_word' id='word_1_402' title='bbox 1371 2102 1466 2136; x_wconf 86' lang='lat' dir='ltr'><strong>VIII.</strong></span> <span class='ocrx_word' id='word_1_403' title='bbox 1485 2102 1520 2135; x_wconf 90' lang='lat' dir='ltr'><em>in</em></span> <span class='ocrx_word' id='word_1_404' title='bbox 1541 2103 1648 2148; x_wconf 86' lang='lat' dir='ltr'><em>capite</em></span> <span class='ocrx_word' id='word_1_405' title='bbox 1671 2104 1772 2141; x_wconf 79' lang='lat' dir='ltr'><em>Alma</em></span> <span class='ocrx_word' id='word_1_406' title='bbox 1785 2115 1856 2139; x_wconf 83' lang='lat' dir='ltr'><em>ma-</em></span> 
     </span>
     <span class='ocr_line' id='line_1_42' title="bbox 250 2147 1854 2199; baseline -0.001 -10"><span class='ocrx_word' id='word_1_407' title='bbox 250 2165 324 2192; x_wconf 86' lang='lat' dir='ltr'><em>ter,</em></span> <span class='ocrx_word' id='word_1_408' title='bbox 352 2153 392 2189; x_wconf 89' lang='lat' dir='ltr'><em>de</em></span> <span class='ocrx_word' id='word_1_409' title='bbox 411 2152 573 2188; x_wconf 81' lang='lat' dir='ltr'><em>sententia</em></span> <span class='ocrx_word' id='word_1_410' title='bbox 591 2150 942 2186; x_wconf 87' lang='lat' dir='ltr'><em>excommunicationis</em></span> <span class='ocrx_word' id='word_1_411' title='bbox 967 2149 1020 2185; x_wconf 89' lang='lat' dir='ltr'><em>his</em></span> <span class='ocrx_word' id='word_1_412' title='bbox 1049 2147 1169 2184; x_wconf 83' lang='lat' dir='ltr'><em>verbis.</em></span> <span class='ocrx_word' id='word_1_413' title='bbox 1227 2147 1317 2183; x_wconf 89' lang='lat' dir='ltr'><em>Tunc</em></span> <span class='ocrx_word' id='word_1_414' title='bbox 1338 2151 1496 2195; x_wconf 84' lang='lat' dir='ltr'><em>excrescit</em></span> <span class='ocrx_word' id='word_1_415' title='bbox 1520 2152 1692 2186; x_wconf 81' lang='lat' dir='ltr'><em>indevotio</em></span> <span class='ocrx_word' id='word_1_416' title='bbox 1717 2155 1854 2199; x_wconf 78' lang='lat' dir='ltr'><em>populi,</em></span> 
     </span>
     <span class='ocr_line' id='line_1_43' title="bbox 246 2198 1854 2251; baseline -0.001 -12"><span class='ocrx_word' id='word_1_417' title='bbox 246 2205 416 2251; x_wconf 79' lang='lat' dir='ltr'><em>pullulant</em></span> <span class='ocrx_word' id='word_1_418' title='bbox 434 2203 597 2247; x_wconf 81' lang='lat' dir='ltr'><em>haereses,</em></span> <span class='ocrx_word' id='word_1_419' title='bbox 624 2209 655 2235; x_wconf 87' lang='lat' dir='ltr'><em>et</em></span> <span class='ocrx_word' id='word_1_420' title='bbox 672 2199 809 2242; x_wconf 82' lang='lat' dir='ltr'><em>infinita</em></span> <span class='ocrx_word' id='word_1_421' title='bbox 834 2200 984 2245; x_wconf 82' lang='lat' dir='ltr'><em>pericula</em></span> <span class='ocrx_word' id='word_1_422' title='bbox 1007 2200 1193 2234; x_wconf 79' lang='lat' dir='ltr'><em>animarum</em></span> <span class='ocrx_word' id='word_1_423' title='bbox 1216 2199 1414 2247; x_wconf 82' lang='lat' dir='ltr'><em>insurgunt,</em></span> <span class='ocrx_word' id='word_1_424' title='bbox 1449 2198 1490 2233; x_wconf 86' lang='lat' dir='ltr'><em>ab</em></span> <span class='ocrx_word' id='word_1_425' title='bbox 1516 2201 1649 2247; x_wconf 68' lang='lat' dir='ltr'><em>ecclesiis</em></span> <span class='ocrx_word' id='word_1_426' title='bbox 1665 2199 1736 2248; x_wconf 87' lang='lat' dir='ltr'><em>fine</em></span> <span class='ocrx_word' id='word_1_427' title='bbox 1758 2203 1854 2249; x_wconf 79' lang='lat' dir='ltr'><em>culpa</em></span> 
     </span>
     <span class='ocr_line' id='line_1_44' title="bbox 248 2244 1855 2298; baseline -0.003 -8"><span class='ocrx_word' id='word_1_428' title='bbox 248 2266 363 2291; x_wconf 82' lang='lat' dir='ltr'><em>earum</em></span> <span class='ocrx_word' id='word_1_429' title='bbox 381 2252 503 2289; x_wconf 78' lang='lat' dir='ltr'><em>divina</em></span> <span class='ocrx_word' id='word_1_430' title='bbox 520 2250 674 2298; x_wconf 84' lang='lat' dir='ltr'><em>obsequia</em></span> <span class='ocrx_word' id='word_1_431' title='bbox 680 2249 942 2298; x_wconf 75' lang='lat' dir='ltr'><em>subtrahuntur.</em></span> <span class='ocrx_word' id='word_1_432' title='bbox 995 2250 1039 2285; x_wconf 90' lang='lat' dir='ltr'><em>Et</em></span> <span class='ocrx_word' id='word_1_433' title='bbox 1066 2258 1152 2284; x_wconf 84' lang='lat' dir='ltr'><em>certe</em></span> <span class='ocrx_word' id='word_1_434' title='bbox 1177 2246 1201 2283; x_wconf 89' lang='lat' dir='ltr'>fi</span> <span class='ocrx_word' id='word_1_435' title='bbox 1233 2247 1309 2293; x_wconf 88' lang='lat' dir='ltr'><em>quis</em></span> <span class='ocrx_word' id='word_1_436' title='bbox 1336 2244 1517 2283; x_wconf 60' lang='lat' dir='ltr'><em>interdieta</em></span> <span class='ocrx_word' id='word_1_437' title='bbox 1533 2248 1591 2286; x_wconf 73' lang='lat' dir='ltr'><em>ula</em></span> <span class='ocrx_word' id='word_1_438' title='bbox 1608 2251 1738 2290; x_wconf 85' lang='lat' dir='ltr'><em>omnia,</em></span> <span class='ocrx_word' id='word_1_439' title='bbox 1756 2253 1855 2298; x_wconf 66' lang='lat' dir='ltr'><em>cujus</em></span> 
     </span>
    </p>

    <p class='ocr_par' dir='ltr' id='par_1_12' title="bbox 1741 2299 1806 2335">
     <span class='ocr_line' id='line_1_45' title="bbox 1741 2299 1806 2335; baseline 0 0"><span class='ocrx_word' id='word_1_440' title='bbox 1741 2299 1806 2335; x_wconf 80' lang='lat' dir='ltr'><em>ali-</em></span> 
     </span>
    </p>
   </div>
  </div>
 </body>
</html>
