1961 2718
264 207 341 242 ‚41⁹
499 190 568 240 na
595 189 877 234 Aua-iouis
902 187 1189 234 recensui:
1214 184 1559 237 mseruma

222 287 274 323 nis
292 284 424 321 domini
440 283 569 320 alienos
591 281 654 319 esse
668 282 889 330 pronuntiat,
915 280 1012 329 quod
1027 278 1152 318 fecisset
1168 279 1420 328 proculdubio,
1436 280 1462 318 fi
1487 278 1803 317 excommunicatus
1819 290 1837 314 ι

221 332 472 384 praedecessore
494 332 558 370 suo
582 329 697 368 fuiss'et
719 333 974 381 pronuntiatuS.
1027 331 1125 376 Quid
1149 330 1245 378 quod
1269 330 1342 378 ipse
1369 331 1564 378 Gregorius
1591 332 1654 365 111.
1683 328 1840 376 epistolas

222 385 296 422 suas
313 385 409 420 annis
426 384 566 432 imperii
583 384 707 426 Leonis
731 382 923 429 consignat,
948 393 986 419 ut
1006 393 1060 430 ep.
1082 381 1123 418 ad
1141 377 1380 420 Bonifacium,
1405 382 1595 428 imperante
1605 379 1748 415 domino
1756 376 1838 427 piis·

222 434 308 472 fimo
325 433 478 481 Augusto
497 436 609 470 Leone
626 433 762 480 imperii
780 432 961 481 ejusanno
981 444 1051 477 23„
1072 433 1132 477 qui
1149 431 1273 469 elarius
1298 442 1434 478 peterat
1464 442 1497 468 et
1523 429 1680 466 disertius
1707 428 1764 465 ille
1785 429 1840 464 ad-

225 483 454 520 versariorum
477 480 628 520 fabulam
654 484 833 532 disjicere?
888 485 970 519 Huc
997 494 1136 529 quoque
1160 480 1287 517 accedit
1313 480 1562 523 Damascenus,
1598 479 1659 524 qui
1687 489 1771 515 orat.
1800 477 1842 514 de

220 533 438 581 imaginibus¹
449 546 564 570 rerum
583 545 602 570 a
616 536 732 572 Leone
747 531 904 570 adversus
920 533 1089 579 imagines
1107 530 1274 579 gestarum
1292 533 1503 568 mentionem
1529 530 1675 570 faciens,
1703 541 1774 564 non
1788 539 1840 563 re·

220 581 306 626 fert,
334 596 414 621 eum
431 594 488 620 aut
508 596 616 630 regno
643 585 817 631 privatum
843 580 959 623 fuisse,
993 593 1050 618 aut
1075 582 1402 618 excommunicatum
1430 594 1450 617 a
1473 584 1632 617 Romano
1656 576 1840 626 pontifice,

221 637 305 679 quin
323 635 395 669 imo
413 646 492 669 eum
509 645 576 680 pro
594 645 675 680 rege
692 633 862 679 agnoscit,
889 631 989 678 eique
1005 629 1360 677 veaigalia'solvenda
1384 630 1447 666 eise
1470 629 1634 667 affirmat:
1665 639 1842 676 paremus,

220 684 354 729 inquit,
388 684 634 729 imperatorem
652 682 848 727 alloquens,
876 680 942 717 tibi
958 692 1019 717 rex
1037 683 1074 716 in
1097 683 1161 718 iis,
1186 692 1270 731 quae
1287 681 1333 716 ad
1349 683 1444 717 vitae
1460 682 1573 716 civilis
1598 681 1740 726 negotia
1763 689 1842 725 per-

219 735 353 772 tinent,
378 742 418 769 ut
437 735 475 769 in
493 731 658 773 tributis,
685 730 912 780 veHigalibus
929 739 962 765 et
988 732 1174 777 congiariis
1194 730 1386 775 solvendis,
1423 741 1559 779 quorum
1577 727 1663 764 tibi,
1682 737 1843 775 quantum

219 781 268 819 ad
283 795 342 818 vos
358 783 501 829 lpeflat,
552 793 670 817 munus
694 781 736 821 eli
753 780 920 815 creditum
942 786 977 813 et
1003 777 1250 813 demandatum.
1301 780 1351 812 At
1377 781 1417 812 in
1437 777 1650 822 ecclelialiicis
1666 775 1764 810 rebus
1773 775 1840 822 sta-

219 832 358 869 tuendis
374 831 529 867 habemus
543 829 707 876 pastores,
734 830 793 877 qui
807 826 896 864 nobis
915 827 1047 876 loquuti
1063 827 1142 871 [unt
1160 825 1314 867 verbum,
1340 831 1374 861 et
1392 826 1483 876 leges
1502 833 1602 875 atque
1624 823 1780 872 instituta
1796 835 1843 861 ee·

218 881 390 929 clefiastica
413 878 648 915 tradiderunt.

374 928 535 974 Opponit
552 925 777 963 Bellarminus
796 923 1073 971 Theophanem.
1098 922 1314 963 cedrenum,
1349 924 1546 961 Zenonem,
1578 922 1844 970 Nicephorum

224 989 258 1017 et
275 990 355 1015 eum
376 976 445 1013 istis
465 977 666 1013 recentiores
685 975 829 1015 latinos,
858 974 917 1020 qui
935 973 1109 1014 scribunt,
1135 975 1286 1009 Leonem
1307 973 1637 1011 excommunicatum
1654 971 1741 1009 effen
1753 974 1842 1010 Gre-

221 1029 326 1078 gorio
345 1026 514 1068 secundo,
542 1037 576 1062 et
594 1023 768 1062 exaE’tione
784 1023 997 1060 tributorum
1016 1022 1132 1058 Italiae
1153 1024 1340 1070 privatum.
1391 1020 1526 1060 Verum
1544 1023 1621 1068 quis
1639 1034 1707 1058 non
1719 1022 1843 1063 videat,

219 1078 389 1126 majorem
418 1076 523 1112 fidem
548 1075 738 1112 habendam
763 1072 826 1110 effe
851 1073 915 1121 ipfi
941 1074 1138 1120 Gregorio,
1171 1073 1278 1109 Paulo
1300 1073 1469 1112 diacono,
1501 1070 1689 1113 Anastafio,
1717 1083 1749 1107 et
1764 1071 1841 1108 aliia

219 1126 448 1175 scriptoribus
470 1139 491 1161 a
511 1126 611 1161 nobis
629 1124 792 1165 laudatis,
821 1125 883 1169 qui
900 1134 930 1159 et
946 1123 1160 1167 antiquiores
1176 1121 1271 1161 sunt,
1297 1134 1329 1157 et
1342 1121 1410 1158 fide
1419 1123 1615 1168 digniores,
1644 1120 1838 1171 quamssiis,

220 1178 283 1224 qui
299 1177 340 1213 ab
359 1175 559 1213 adversariis
575 1175 768 1211 laudantur.
821 1176 916 1210 Nam
935 1174 1046 1219 graeci
1064 1183 1303 1219 praeterquam
1319 1171 1413 1218 quod
1431 1172 1538 1209 citatis
1555 1183 1573 1206 a
1594 1170 1693 1206 nobis
1709 1172 1842 1207 autori·

220 1227 287 1263 bus
303 1228 510 1263 recentiores
530 1224 625 1264 sunt,
653 1236 686 1261 et
707 1235 824 1260 rerum
841 1223 876 1258 in
895 1223 1069 1259 occidente
1086 1220 1254 1267 gestarum
1281 1234 1352 1258 non
1373 1222 1419 1258 ita
1445 1221 1564 1268 gnari,
1590 1223 1627 1256 in
1651 1220 1765 1258 odium
1786 1229 1840 1256 at-

221 1288 283 1325 que
299 1276 465 1312 invidiam
484 1276 656 1312 Romanae
672 1274 816 1321 ecclefiae
830 1273 1003 1320 jafluram
1028 1271 1241 1308 occidentalis
1266 1273 1411 1319 imperii?
1430 1274 1468 1308 in
1491 1271 1675 1307 Romanum
1695 1268 1840 1317 pontifi-

218 1337 283 1362 ‹em
306 1335 498 1373 retorquere
511 1325 604 1366 [oliti
615 1325 717 1367 sunt,
750 1332 789 1356 ut
814 1321 970 1356 obiervat
986 1321 1176 1362 Batonius,
1228 1321 1274 1355 ad
1298 1320 1542 1356 commovendos
1568 1327 1638 1353 tum
1657 1321 1840 1366 imperato-

218 1387 294 1410 rum
307 1399 317 1415 ,
343 1382 413 1409 tum
429 1374 568 1408 aliorum
585 1374 709 1406 animos
725 1372 763 1405 in
780 1371 965 1405 Romanam
982 1368 1150 1411 ecclesiam.
1203 1371 1252 1404 Ac
1269 1368 1418 1414 proinde
1435 1367 1505 1403 illis
1521 1365 1614 1402 nulia
1630 1377 1686 1402 aut
1701 1367 1838 1403 modica

218 1423 303 1459 fides
320 1423 438 1458 hocin
457 1421 597 1467 negotio
613 1419 657 1455 est
676 1418 888 1459 adhibenda3
939 1419 1170 1453 recentiorum
1193 1429 1276 1453 vero
1300 1416 1489 1452 latinorum
1512 1417 1750 1456 autoritatem,
1774 1418 1839 1462 qui

219 1472 316 1520 ipsos
337 1472 441 1509 secuti
467 1470 566 1512 sunt,
618 1481 682 1518 ego
708 1468 796 1504 nihil
817 1478 966 1506 moror,
1016 1478 1094 1502 cum
1121 1479 1192 1503 non
1216 1465 1352 1503 aliunde
1377 1476 1482 1511 quam
1501 1465 1543 1502 ab
1569 1464 1653 1513 ipsis
1679 1465 1716 1501 id
1751 1466 1836 1503 hau.

219 1522 336 1560 serint:

365 1570 501 1608 Deinde
518 1581 603 1607 vero
621 1567 674 1605 isti
693 1567 879 1615 scriptores
896 1576 967 1601 non
986 1563 1120 1604 dicunt,
1147 1564 1299 1600 Leonem
1319 1575 1429 1609 regno
1443 1573 1503 1599 aut
1520 1564 1618 1612 regni
1639 1574 1737 1611 parte
1760 1565 1836 1611 pri·

220 1631 338 1659 vatum
353 1619 472 1663 fuiffe,
499 1619 555 1655 sed
577 1629 708 1655 tantum
726 1628 883 1652 autorem
902 1613 996 1650 Italis
1013 1612 1129 1651 fuiss'e,
1156 1625 1197 1647 ne
1223 1612 1274 1648 issi
1301 1611 1480 1659 veffigalia
1502 1613 1709 1661 penderent:
1742 1613 1835 1649 unde

220 1684 291 1708 non
308 1669 464 1716 sequitur
483 1669 695 1715 Gregorium
714 1664 908 1702 existimasse
923 1668 1071 1699 Leonem
1091 1661 1135 1698 ob
1162 1661 1324 1699 haeresim
1349 1664 1499 1710 imperio
1523 1661 1684 1700 excidiffe.
1743 1666 1834 1700 eum

218 1731 368 1768 propter
384 1721 464 1755 alias
480 1719 590 1755 causas
607 1718 763 1765 potuerit
782 1716 941 1761 denegari
959 1713 1147 1751 tributum,
1171 1711 1369 1758 praesertim
1390 1725 1473 1749 vero
1492 1715 1573 1758 quia
1592 1713 1653 1749 illo
1672 1725 1758 1760 opus
1776 1713 1835 1749 ha-

218 1769 343 1807 bebant
360 1770 400 1805 ad
420 1768 471 1805 sui
488 1767 719 1804 defensionem
737 1764 899 1801 adversus
920 1762 1171 1809 Longobardos
1182 1786 1192 1803 ,
1218 1761 1310 1797 haud
1329 1773 1439 1799 tamen
1465 1762 1669 1798 crediderim
1695 1764 1831 1809 Grego-

217 1821 313 1858 rium
331 1820 366 1855 id
379 1817 510 1860 fecisse,
538 1817 593 1854 sed
615 1818 730 1864 potius
753 1815 866 1856 Italos,
891 1827 936 1850 ne
954 1813 1124 1850 tributum
1147 1812 1352 1858 imperatori
1376 1811 1580 1859 penderent,
1615 1813 1832 1858 Gregorium

215 1881 371 1907 autorem
388 1867 609 1916 praetendisse
621 1893 629 1909 ‚
656 1879 687 1902 et
703 1864 1052 1901 excommunicatione
1069 1862 1251 1909 generatim
1268 1861 1309 1897 ab
1325 1874 1367 1899 eo
1390 1864 1427 1898 in
1452 1873 1593 1903 omnes,
1644 1863 1705 1911 qui
1728 1862 1832 1898 viole·

218 1930 298 1956 rent
317 1920 485 1965 imagines
503 1919 541 1954 in
557 1916 688 1967 synodo
704 1915 786 1955 lata,
812 1914 891 1951 usos
914 1912 994 1955 ess‘e,
1029 1923 1068 1948 ut
1090 1913 1211 1960 jugum
1234 1912 1450 1958 imperatoris
1480 1923 1696 1952 excuterent,
1730 1922 1830 1959 atque

220 1969 302 2004 hinc
318 1969 413 2014 apud
432 1980 568 2014 graecos
584 1964 747 2004 manasse.
772 1967 966 2001 Romanum
984 1961 1183 2010 pontificem
1199 1961 1444 2008 imperatorem
1461 1962 1663 1998 anathemati
1687 1960 1832 1997 obstrin-

217 2016 313 2059 zssse,
339 2028 439 2062 atque
457 2020 560 2053 Italos
580 2014 782 2057 inhibuisse,
810 2026 853 2048 ne
869 2011 1048 2059 vestigalia
1064 2012 1170 2048 Leoni
1183 2011 1391 2056 penderent3
1417 2023 1495 2046 nam
1514 2022 1551 2047 ut
1577 2010 1765 2057 probatum
1784 2009 1830 2047 est

219 2080 259 2104 ex
277 2066 455 2104 autoribus
474 2064 540 2102 fide
558 2063 778 2112 digniffimis,
808 2064 1001 2109 Gregorius
1024 2064 1085 2102 IL,
1113 2071 1279 2107 quantum
1297 2062 1430 2107 potuit,
1456 2061 1561 2097 Italos
1578 2062 1611 2096 in
1625 2057 1739 2097 officio
1751 2071 1830 2095 con-

218 2118 334 2154 tinuit.
384 2118 459 2151 Nec
477 2115 538 2157 est,
567 2115 662 2161 quod
679 2113 905 2150 Bellarminus
926 2113 1034 2150 dicat,
1060 2123 1131 2148 eum
1150 2112 1297 2160 primum
1319 2111 1466 2159 equidem
1492 2123 1558 2157 per
1582 2111 1700 2146 multos
1726 2121 1829 2145 annor

218 2165 377 2214 restinffe
390 2167 521 2213 populis
539 2166 669 2201 Italicis
690 2162 898 2211 cupientibus
920 2162 960 2198 ab
982 2164 1185 2209 imperatore
1201 2159 1357 2202 deficere:
1376 2159 1442 2206 sed
1452 2160 1564 2206 postea
1584 2158 1642 2194 ubi
1660 2158 1753 2194 vidit
1770 2161 1828 2194 im·

214 2226 404 2263 perator-em
419 2216 616 2252 deteriorem
636 2213 730 2252 fieri,
758 2216 996 2260 imperatorem
1013 2223 1031 2247 e
1047 2219 1137 2246 coetu
1153 2212 1287 2255 piorum
1304 2210 1450 2257 ejeczffm
1487 2222 1524 2244 ac
1538 2209 1681 2256 juffiffe,
1715 2210 1769 2245 uti
1793 2211 1827 2244 ei

213 2275 370 2317 tanquam
387 2268 491 2315 impio
504 2266 621 2315 populi
638 2275 702 2302 non
716 2271 896 2313 parerent,
923 2274 983 2299 nec
1001 2260 1187 2308 veffigatia
1212 2257 1363 2309 deinceps
1385 2258 1588 2308 penderent.
1631 2260 1726 2315 ’Non
1755 2255 1822 2297 est,

1629 2318 1772 2355 inquam
