1982 2739
306 214 374 254 ης
583 204 653 240 DE
687 199 965 242 ANTIQUA
1002 197 1278 234 nccmzstAE
1329 196 1667 234 DrsctrmNA·

255 310 346 337 teras
368 295 599 332 communionis
618 291 700 338 mifit
719 289 906 337 improbans
919 286 1101 334 judicium,
1123 284 1207 333 quod
1222 297 1241 319 α
1264 284 1445 330 leeoplzilo
1457 287 1593 332 fufium
1610 285 1796 322 videbatur
1813 285 1866 322 di-

255 362 326 386 cent
353 347 473 382 dehere
499 345 573 391 cogi
599 339 914 387 irreprehensibilem
936 335 1102 383 synodum
1124 334 1375 369 occidentalium
1400 343 1433 369 et
1461 338 1696 378 orientalium,
1721 341 1869 383 primum

251 399 387 448 q-xndem
397 391 631 441 secedentibus
651 390 691 424 ab
711 391 768 424 illo
787 387 931 434 conseffu
951 387 1082 445 amicig,
1117 383 1239 419 deiude
1259 385 1412 418 inimicis.

352 461 399 494 Ex
423 459 478 491 his
505 452 631 490 constat
655 463 717 486 nec
734 447 1126 497 chrysostomum„nec
1151 446 1406 485 Innocentium,
1436 457 1497 479 nec
1514 445 1716 487 Palladium,
1737 459 1797 481 nec
1813 445 1865 481 ul-

252 511 326 545 lum
353 509 496 544 omnino
522 503 662 550 alicujus
685 500 766 534 fidei
781 499 979 544 scriptorem
998 494 1183 543 prodidisse
1200 496 1383 530 memoriae
1405 495 1543 539 aliquod
1562 495 1731 531 decretum
1750 496 1791 530 ab
1810 498 1866 530 In.

253 559 410 594 nocentio
443 553 610 592 emissum,
638 551 678 585 ad
705 548 912 583 irritandum
937 547 1105 594 judicium
1123 557 1141 580 a
1159 545 1360 590 Theophilo
1388 545 1422 578 in
1442 543 1724 590 Chrysostomum
1743 545 1860 579 latum.

253 609 319 643 Sed
343 606 428 642 illud
455 614 564 639 unum
580 597 754 647 postulasse
779 595 1070 644 Chrysostomum‚
1087 605 1125 629 ut
1146 606 1223 630 cum
1243 607 1282 628 ex
1300 604 1418 628 natura
1437 592 1494 627 sua
1509 593 1675 640 judicium
1693 592 1770 629 effet
1786 595 1866 628 irri-

258 669 344 694 tum,
366 655 429 690 fibi
448 652 648 689 communio
673 660 743 683 non
760 647 992 692 denegaretur,
1019 643 1075 679 sed
1093 657 1147 679 res
1165 645 1294 689 integra
1309 643 1437 690 judicio
1457 642 1596 678 alterius
1620 642 1743 691 synodi
1758 644 1866 678 reser-

256 717 404 746 varetur,
433 701 668 738 Innocentium
687 709 769 732 vero
789 692 1006 734 contendisse,
1029 705 1066 728 ut
1084 693 1303 728 orientalium
1319 704 1350 727 et
1368 691 1628 727 occidentalium
1647 692 1724 727 effer
1741 691 1800 727 ista
1816 691 1867 740 sy-

254 756 376 792 nodus,
430 756 547 797 Itaque
565 760 682 785 omnes
701 745 880 794 pontifices
898 757 916 778 a
936 742 1031 790 Julio
1052 743 1094 778 ad
1113 744 1294 778 Zozimum
1313 754 1382 777 non
1402 741 1570 787 usurpant
1591 741 1650 777 fibi
1665 741 1864 788 potestatem

251 804 539 842 retrastandarum
557 797 729 835 causarum
747 798 782 830 in
801 795 932 829 oriente
956 803 1013 827 aut
1028 792 1102 826 aliis
1121 793 1214 827 orbis
1225 790 1378 837 partibus
1396 791 1637 838 judicatarum:
1667 790 1722 826 sed
1732 803 1866 826 tantum

252 867 384 903 petum,
403 864 439 888 ut
458 850 519 898 ipfi
540 862 618 884 cum
637 843 898 882 occidentalibus
915 841 956 876 ad
974 840 1144 889 synodum
1163 853 1338 878 vocentur.
1365 839 1534 884 suumque
1552 839 1750 875 consensum
1770 851 1868 886 prae-

254 908 371 944 beant,
400 914 483 947 quae
515 899 656 944 quidem
673 893 866 939 disciplina,
892 891 970 926 licet
992 903 1079 925 nova
1095 888 1222 927 fuerit,
1251 902 1289 925 ut
1313 890 1555 930 advertimus„
1575 891 1610 924 in
1635 889 1729 925 causa
1753 901 1866 924 tamen

253 952 500 995 Chrysostomi‚
520 948 582 983 ubi
600 957 690 981 totus
710 944 825 978 oriens
844 951 915 975 erat
933 938 1069 980 divisdsz
1089 938 1260 985 justiffima
1277 950 1355 974 erat.
1391 941 1499 974 Porro
1516 938 1539 972 fi
1557 940 1776 974 Innocentius
1794 951 1865 973 cre-

238 997 382 1039 <didisset
411 1000 472 1035 fibi
497 999 548 1044 jus
568 995 629 1031 effe
653 990 857 1029 retraetandi
871 990 986 1037 judicii
1001 989 1035 1022 in
1054 987 1337 1034 Chrysostomum
1357 986 1432 1027 lati,
1461 987 1547 1022 illud
1564 988 1688 1033 procul
1704 988 1810 1022 dubio
1828 989 1865 1022 in

249 1055 386 1087 irritum
415 1046 565 1086 mififfet,
592 1056 653 1079 nec
678 1038 870 1089 postulasset
895 1040 995 1073 aliam
1015 1036 1089 1072 fieri
1106 1036 1294 1084 synodum,
1322 1048 1383 1070 nec
1400 1036 1641 1082 Theophilum
1660 1038 1694 1071 in
1713 1048 1868 1075 ‹tommu-¹
1895 1061 1898 1064 »

251 1104 393 1137 mironem
409 1094 607 1143 suscepisset,
625 1092 680 1128 sed
699 1090 762 1127 sua
776 1087 977 1125 austeritate
994 1099 1066 1122 rem
1085 1099 1223 1122 omnem
1238 1084 1458 1121 terminasset:
1487 1087 1570 1130 quin
1589 1086 1688 1120 etiam
1699 1088 1868 1121 Innocen·
1902 1078 1909 1081 ’

251 1154 318 1187 tius
346 1147 496 1196 agnoscit
523 1144 626 1180 solam
644 1141 815 1189 synodum
840 1137 972 1173 causam
992 1135 1228 1184 Chrysostomi
1244 1134 1338 1180 polse
1353 1134 1540 1170 retrastare.
1594 1137 1787 1177 Caeterum,
1815 1136 1869 1170 in-

251 1201 342 1246 quit,
369 1198 450 1246 quid
475 1204 589 1231 contra
616 1193 689 1236 illos
714 1194 752 1226 in
776 1190 968 1235 praesentia
984 1186 1031 1234 fi't
1058 1185 1225 1233 agendum
1245 1184 1403 1231 synodali
1427 1187 1620 1232 cognitione
1641 1196 1786 1232 peropus
1812 1185 1866 1232 est,

252 1261 349 1298 quam
376 1246 499 1281 dudum
523 1242 701 1289 cogendam
725 1241 827 1273 etiam
855 1237 918 1282 effe
938 1237 1134 1280 censuimus,
1153 1235 1228 1278 sola
1249 1236 1336 1268 enim
1353 1234 1414 1267 illa
1433 1235 1553 1267 tatium
1567 1234 1789 1280 procellarum
1803 1246 1866 1268 mo-

252 1308 306 1334 tus
327 1298 437 1341 sopire
451 1291 569 1340 potest.
1194 1288 1199 1293 ’

355 1360 398 1391 At
426 1351 585 1397 inquiunt
615 1345 812 1385 adversarii,
840 1343 925 1379 adeo
951 1353 1076 1378 verum
1097 1339 1141 1375 est
1165 1342 1337 1376 irritatum
1363 1340 1424 1376 effe
1451 1341 1617 1389 judicium
1645 1341 1865 1380 orientalium

256 1409 298 1444 ab
318 1399 530 1441 innocentio,
550 1411 588 1435 ut
606 1398 720 1444 legatis
736 1397 776 1431 ab
794 1407 834 1429 eo
849 1394 883 1427 in
904 1394 1070 1427 orientem
1087 1389 1190 1425 miffis
1209 1392 1243 1424 in
1263 1391 1429 1425 mandatis
1450 1392 1593 1432 dederit,
1622 1405 1690 1426 non
1709 1404 1866 1437 oportere

253 1462 419 1506 joannem
439 1454 473 1486 in
492 1450 657 1498 judicium
674 1447 791 1481 venire
804 1470 812 1484 ,
840 1441 898 1476 nisi
916 1443 1013 1488 prius
1031 1451 1062 1475 et
1079 1439 1207 1474 ecclesia
1232 1450 1263 1472 et
1279 1442 1476 1475 communio
1501 1440 1729 1476 restitueretur
1741 1467 1748 1481 ,
1775 1441 1866 1477 unde

253 1506 328 1554 post
339 1504 438 1550 hujus
450 1511 597 1535 mortem
608 1494 828 1532 occidentales
841 1503 960 1526 omnes
979 1502 1057 1524 cum
1076 1487 1297 1523 orientalibus
1314 1491 1567 1525 communicare
1584 1489 1864 1532 detreaaverunt,

254 1565 434 1600 antequam
457 1551 524 1598 ejus
545 1558 671 1582 nomen
690 1546 726 1579 in
749 1541 894 1590 dypticis
912 1550 1112 1587 poneretur.

353 1612 566 1660 Respondeo,
583 1611 663 1645 haec
684 1619 764 1647 nor»
777 1604 923 1652 probare
941 1601 1105 1648 judicium
1124 1599 1158 1632 in
1176 1596 1458 1646 Chrylostomum
1476 1597 1582 1633 latum
1599 1599 1632 1633 in
1651 1599 1787 1636 irritum
1802 1600 1865 1637 effe

253 1666 391 1705 missum
409 1664 450 1699 ab
469 1661 672 1696 Innocentio
691 1668 746 1692 aut
767 1650 1039 1690 occidentalibus,
1059 1647 1116 1683 sed
1135 1659 1263 1681 tantum
1284 1647 1369 1682 illud
1391 1658 1508 1682 natura
1528 1647 1583 1682 sua
1601 1649 1739 1684 irritum
1756 1648 1864 1692 fuisse,

255 1729 335 1753 mm
364 1716 456 1757 -mxm
481 1710 613 1756 regul&
637 1708 742 1755 juris,
771 1701 911 1748 quilibet
939 1699 1036 1734 debet
1062 1698 1158 1745 prius
1177 1697 1321 1744 judicari
1340 1709 1442 1741 quam
1460 1695 1611 1743 spoliari.
1664 1700 1763 1734 Prius
1782 1711 1865 1736 vero

252 1758 369 1803 fuerat.
389 1761 551 1810 spoliatus
566 1756 826 1806 ChrysostomuS
843 1763 942 1796 quam
961 1748 1141 1796 judicatus.
1191 1747 1282 1800 ,Cum
1301 1746 1469 1793 judicium
1490 1745 1613 1794 synodi
1631 1747 1671 1782 ad
1689 1751 1864 1791 Quercum

253 1819 288 1852 in
310 1814 421 1861 ipsum
446 1812 554 1846 latum
581 1821 618 1844 ex
643 1808 716 1854 jure
740 1803 877 1839 irritum
901 1797 1010 1838 foret,
1038 1798 1167 1843 quippe
1188 1807 1224 1828 m
1241 1807 1310 1839 quo
1328 1795 1455 1842 judices
1474 1794 1640 1834 sederant,
1668 1809 1738 1831 non
1758 1797 1865 1833 modo

255 1867 292 1905 ii,
307 1865 366 1909 qui
384 1861 526 1907 legitimi
543 1870 580 1894 ac
599 1855 765 1892 naturales
784 1853 855 1899 ejus
872 1849 1001 1897 judices
1018 1859 1089 1882 non
1107 1856 1209 1886 erant,
1235 1843 1289 1878 sed
1309 1856 1340 1879 et
1358 1845 1497 1882 inimici,
1516 1846 1575 1890 qui
1595 1858 1672 1880 eum
1692 1845 1863 1882 absentem

254 1927 292 1949 ,π
309 1910 467 1948 adversus
485 1909 626 1944 illorum
643 1905 807 1953 judicium
827 1899 1063 1936 reclamantem
1091 1895 1337 1930 damnaverant.
1391 1895 1504 1939 Igitur
1521 1893 1645 1929 restitui
1663 1907 1741 1936 eum
1759 1907 1867 1942 opor·

255 1963 354 2001 vebat,
380 1971 558 2004 antequam
585 1956 813 2004 judicaretur,
841 1949 876 1984 id
903 1958 1033 1982 tantum
1052 1947 1087 1980 in
1109 1943 1272 1980 mandatis
1292 1943 1457 1978 habebant
1474 1943 1574 1989 legati
1593 1957 1662 1979 non
1679 1943 1791 1980 solum
1811 1947 1866 1980 In-

255 2010 420 2049 nocentii,
451 2007 506 2042 sed
532 2018 562 2040 et
582 2003 797 2050 imperatoris
815 1997 986 2037 Honorii,
1015 1993 1222 2032 Chromatii,
1250 1992 1469 2036 Aquileiensis
1489 2004 1520 2027 et
1536 1994 1676 2028 Venerii
1693 1993 1864 2030 Mediola-

255 2059 365 2098 nensss
382 2069 418 2092 ac
436 2056 649 2100 reliquorum
668 2051 781 2086 Italiae
798 2047 1055 2094 episcoporum.
1107 2045 1149 2078 Et
1173 2053 1262 2077 certe
1281 2042 1316 2075 in
1335 2043 1603 2077 commonitorio
1622 2055 1691 2078 non
1711 2042 1862 2078 decerni-

257 2123 312 2146 tur
330 2107 480 2144 absolutc
496 2101 721 2138 restituendus
743 2094 1006 2146 Chrysostomus
1024 2104 1082 2129 aut
1100 2091 1320 2127 restituendus
1349 2103 1386 2125 ex
1405 2091 1666 2126 occidentalium
1683 2102 1740 2126 aut
1762 2094 1863 2127 Inno-

256 2160 358 2196 centii
385 2154 545 2191 sententia
571 2163 603 2186 et
629 2150 823 2185 autoritate,
853 2145 907 2182 sed
932 2143 1042 2180 solum
1063 2145 1228 2190 Joannem
1258 2152 1326 2175 non
1346 2139 1465 2174 debere
1481 2139 1607 2186 judicio
1625 2139 1658 2175 se
1676 2138 1783 2174 sistere
1800 2140 1862 2176 nisi

256 2210 354 2257 Prius
384 2203 597 2243 restituatur,
625 2212 666 2234 ne
692 2198 812 2233 scilicet
829 2195 852 2230 fi
875 2193 1117 2230 communione
1143 2188 1289 2225 eccleliae
1307 2189 1462 2235 privatus
1480 2189 1521 2223 ad
1537 2188 1666 2224 causam
1685 2188 1864 2226 dicendam

257 2255 416 2305 veniss'ez?
443 2252 616 2301 videretur
631 2247 796 2299 judicium
813 2248 849 2284 in
867 2245 900 2295 se
914 2244 1012 2292 prius
1028 2241 1133 2279 latum
1154 2239 1267 2289 quoad
1282 2237 1432 2278 formam
1448 2237 1657 2286 adprobare:
1685 2237 1801 2274 eadem
1819 2237 1865 2285 de

1718 2284 1816 2325 causa
