2022 2733
276 205 783 242 DISSERTATmNEs
817 201 1169 243 H1s'rothAE.
1220 205 1381 245 stsm.
1409 209 1488 245 vn.
1579 217 1647 254 373

74 295 156 331 dicit
171 294 302 334 David,
328 293 362 330 se
381 293 444 331 soli
461 297 534 331 Deo
550 305 710 341 peccare,
738 291 813 329 satis
833 293 956 330 indicat
973 293 1121 341 regalem
1138 295 1337 343 potestatem
1358 297 1393 333 in
1412 294 1506 333 causa
1522 294 1602 338 effe,
1621 305 1660 331 ut
1675 307 1695 331 e

72 344 148 382 solo
168 348 244 381 Deo
265 345 427 391 pendeat,
454 356 525 379 non
544 355 658 379 autem
680 342 860 379 sacerdotii
883 344 1008 393 judaici
1024 345 1344 392 imperfectionem
1372 347 1476 389 adde,
1504 346 1598 392 quod
1619 345 1697 381 nul·

70 394 103 431 la
119 396 207 432 ratio
224 393 331 431 solida
348 394 448 430 reddi
466 393 592 441 potest,
619 405 762 440 propter
780 406 882 439 quam
899 406 996 440 reges
1024 394 1152 442 judaici
1181 410 1250 433 non
1277 398 1457 445 potuerint
1482 409 1500 431 a
1519 395 1698 432 {acerdoti-

71 444 135 481 bus
154 445 299 492 deponi,
328 443 452 491 possint
471 456 554 480 vero
573 456 669 490 reges
688 442 862 479 christiani
884 456 902 479 a
921 444 1055 479 summo
1075 446 1238 491 pontifice
1256 459 1264 490 3
1304 459 1382 482 nam
1409 447 1504 492 quod
1532 444 1695 481 nonnulli

69 507 262 542 nugantur,
287 496 455 530 rationem
473 493 680 529 discriminis
701 494 791 528 inter
807 504 905 529 vetus
922 505 959 528 ae
974 506 1105 530 novum
1125 495 1362 531 testamentum
1380 496 1465 531 hanc
1484 494 1567 536 effe,
1596 492 1694 540 quod

68 544 105 579 in
121 546 263 590 antiquo
278 542 418 580 foedere
435 555 582 590 regnum
600 541 806 577 sacerdotale
821 542 915 582 effer,
943 543 980 576 in
998 554 1092 577 novo
1108 556 1193 579 vero
1211 544 1435 581 sacerdotium
1451 544 1581 590 regale,
1607 555 1694 590 pue.

67 593 133 630 rile
150 595 253 641 plane
270 604 504 637 commentum
522 589 586 631 est,
613 589 708 635 quod
724 588 931 637 refutatione
947 602 1018 626 non
1034 591 1187 637 indiget:
1215 605 1275 630 nec
1289 596 1379 630 enim
1397 606 1518 630 verum
1536 590 1602 634 est,
1630 602 1689 628 aut

67 656 164 690 reges
183 645 305 680 veteris
323 643 409 689 legis·
421 639 520 676 fuisse
536 638 744 676 sacerdotes,
768 647 833 687 'aut’
844 637 1032 675 sacerdotes
1058 652 1166 676 novae
1184 640 1270 688 legis
1297 641 1360 677 esse
1385 655 1494 689 reges·
1546 645 1622 678 Nec
1649 641 1692 677 il-

66 693 123 728 luc
149 695 295 739 pertinet
325 695 362 727 B.
380 691 471 727 Petri
490 687 642 726 distum:
673 690 741 729 Vos
757 696 869 745 autqm
884 689 956 739 estis
971 690 1090 738 regale
1101 691 1344 736 sacerdotium,
1368 692 1600 741 gen's-fitha,
1627 701 1691 726 etc„

67 741 161 787 quod
181 742 224 778 de
239 740 401 778 omnibus
421 739 565 778 omnino
583 737 774 776 christianis
794 737 928 777 dictum
951 736 1016 782 est,
1045 740 1106 787 qui
1125 740 1315 780 sacerdotes
1341 753 1374 780 et
1391 754 1489 792 reges
1514 741 1694 789 metaphn·

64 792 137 828 rice
148 791 194 853 ¹ab
214 791 292 846 ipso
319 791 493 838 dicuntia-2

806 982 808 985 .
822 953 854 998 ς.
873 951 938 990 111.

64 1052 108 1093 In
133 1051 200 1105 quo
217 1034 438 1106 ὀῙὶιἠἰιῨιίῐιιφ“,ι
455 1034 616 1106 ecclefiam
642 1064 709 1092 non
728 1041 883 1105 'poffe'vi
907 1057 941 1090 et
965 1051 1073 1090 armis
1097 1054 1237 1106 refiflere
1271 1054 1430 1104 regibus,
1462 1053 1565 1093 etiam
1591 1058 1693 1103 pote-

356 1119 449 1168 state
465 1114 534 1166 sua
560 1114 792 1159 abutentibus,
811 1113 878 1166 sed
901 1117 1004 1154 teneri
1029 1130 1088 1154 eos
1105 1118 1278 1166 patienter
1293 1119 1401 1170 ferre.

61 1214 281 1312 Tantum
297 1225 406 1268 abest,
434 1235 474 1262 ut
490 1225 622 1267 ecclesia
637 1224 741 1272 poffit
756 1236 934 1272 peccantes
952 1239 1048 1273 reges
1064 1228 1180 1274 regnis
1198 1226 1268 1264 suis
1288 1229 1454 1277 spoliare,
1481 1240 1521 1265 ut
1537 1242 1554 1264 e
1568 1240 1688 1266 eontra

182 1288 353 1317 teneatur,
382 1288 440 1311 eos
457 1277 626 1321 patienter
640 1274 751 1314 ferre,
779 1287 841 1309 nec
858 1287 1010 1319 unquam
1028 1276 1078 1311 illi
1092 1277 1188 1313 liceat
1209 1281 1333 1322 quovis
1350 1280 1491 1315 obtentu
1502 1305 1512 1320 ‚
1539 1279 1574 1314 vi
1589 1290 1621 1313 et
1636 1292 1688 1315 ar·

63 1327 129 1362 mis
146 1326 214 1361 illis
233 1324 411 1365 obsistere,
438 1323 567 1358 etiamsi
585 1324 745 1369 haeretici
767 1321 830 1357 {int
848 1334 908 1365 aut
925 1325 1046 1370 impii,
1073 1326 1128 1360 vel
1148 1338 1359 1372 quemquam
1377 1329 1418 1364 ad
1445 1327 1687 1370 refistendum,

62 1375 133 1411 five
148 1372 291 1412 directe,
317 1372 384 1408 {ive
403 1371 574 1409 indirecte
592 1371 778 1408 sollicitare.
833 1372 888 1407 Ad
911 1372 947 1408 id
965 1385 1047 1408 vero
1071 1375 1295 1421 probandum
1324 1377 1495 1413 adducere
1519 1374 1689 1425 opportet

65 1436 140 1461 tum
161 1421 271 1471 dian,
298 1433 375 1458 tum
392 1419 481 1458 fasta
502 1434 643 1460 eorum,
669 1423 728 1467 qui
760 1421 899 1468 regibus
924 1422 1042 1469 impiis
1069 1436 1101 1460 et
1126 1423 1304 1460 haereticis
1330 1438 1389 1464 aut
1406 1427 1598 1475 parendum
1625 1426 1690 1464 esse

61 1474 275 1515 docuerunt,
303 1483 362 1509 aut
388 1484 506 1507 revera
527 1483 736 1517 paruerunt,
771 1472 928 1516 quamvis
947 1470 1048 1510 facile
1069 1473 1256 1522 potuissent
1276 1475 1418 1515 illorum
1441 1477 1564 1527 jugum
1588 1489 1688 1514 exeun

61 1533 153 1566 tere,
181 1535 214 1559 et
231 1524 318 1558 alios
334 1523 371 1557 in
391 1532 513 1556 eorum
529 1520 645 1556 locum
664 1532 760 1566 reges
779 1520 992 1559 constituere.

214 1573 371 1608 Primum
387 1582 502 1606 autem
521 1570 557 1605 in
573 1569 716 1614 antiquo
732 1567 874 1604 foedere
898 1570 1050 1616 plurima
1069 1583 1181 1610 extant
1207 1575 1360 1624 exempla
1385 1575 1541 1621 obsequii
1559 1589 1577 1612 a
1601 1577 1688 1612 viris

62 1620 188 1658 sensti:
207 1632 239 1656 et
253 1621 341 1669 piis,
369 1620 489 1666 impiis
507 1619 646 1666 regibus
665 1618 817 1654 exhibiti.
867 1620 920 1654 Sic
937 1619 1103 1658 Israelitae
1120 1624 1154 1658 in
1165 1627 1323 1672 AEgypto
1341 1626 1510 1662 Pharaoni
1525 1626 1600 1662 licet
1619 1626 1686 1662 im.

61 1673 177 1718 pioe't
194 1682 343 1719 tyranno
368 1669 503 1717 semper
517 1680 728 1717 paruerunt.
755 1679 816 1703 nec
834 1667 896 1715 ipfi
923 1668 1082 1706 adversus
1104 1684 1182 1707 eum
1209 1674 1437 1716 rebellarunt,
1475 1688 1494 1711 a
1510 1678 1584 1710 Deo
1608 1675 1684 1712 solo

62 1733 166 1768 opem
185 1718 412 1767 expessanteS,
443 1731 560 1765 quam,
576 1719 654 1754 licet
671 1716 883 1765 praesentem
900 1717 962 1753 effe
979 1718 1056 1755 satis
1080 1719 1262 1764 sentirent,
1294 1737 1364 1760 non
1390 1722 1507 1770 egreffi
1534 1725 1610 1762 sunt
1636 1735 1688 1760 ta-

62 1782 142 1805 men
161 1782 200 1804 ex
220 1773 395 1818 AEgypto‚
422 1769 485 1804 nisi
502 1769 726 1816 permittente
751 1767 936 1803 Pharaone.
990 1768 1174 1814 Postquam
1199 1784 1283 1808 vero
1309 1775 1476 1820 proprios
1507 1787 1604 1820 reges
1627 1784 1687 1811 aut

59 1819 193 1868 judiees
210 1818 422 1860 habuerunt,
447 1818 528 1854 licet
546 1831 584 1854 ex
602 1819 644 1853 iis
664 1817 913 1864 quamplurimi
930 1816 1060 1855 fuerint
1078 1819 1181 1867 impii
1207 1833 1240 1857 et
1267 1823 1446 1870 religionis
1471 1825 1602 1869 patriae
1625 1824 1685 1858 de.

59 1867 224 1910 set-tores,
251 1880 291 1905 ut
306 1868 419 1906 Achaz
435 1879 470 1904 et
486 1866 654 1905 Manaffes
671 1880 767 1912 reges
784 1867 892 1915 Juda,
920 1868 980 1912 qui
1008 1869 1173 1915 templum
1200 1872 1555 1921 Hierosolymitanum
1581 1873 1686 1910 idolis

60 1919 282 1965 polluerunt,
312 1927 487 1964 nunquam
515 1930 624 1954 tamen
652 1917 841 1965 quidquam
860 1930 877 1952 a
903 1916 1133 1955 sacerdotibus
1158 1920 1201 1956 ad
1226 1934 1286 1957 eos
1315 1920 1685 1969 regnossexturbandos

60 1980 230 2004 tentatum
247 1966 311 2004 effe
327 1968 440 2014 lege3'3
466 1969 550 2014 quin
576 1969 677 2004 etiarn
700 1979 778 2003 cum
808 1968 842 2002 in
869 1965 1065 2004 servitutem
1093 1968 1170 2004 sunt
1194 1969 1378 2013 transabii,
1412 1984 1476 2019 per
1500 1973 1687 2020 jeremiam

59 2017 149 2066 juffit
166 2020 283 2056 Deus,
307 2029 347 2054 ut
363 2016 463 2053 essent
481 2017 610 2055 subditi
620 2016 961 2061 Nabuchodonosori
983 2019 1151 2066 Jeremiae
1168 2031 1237 2065 270
1256 2032 1363 2067 utque
1380 2033 1501 2068 pacem
1521 2022 1680 2064 civitatis,

57 2068 103 2104 nd
122 2080 225 2113 quam
245 2066 472 2105 volente‘De'o
491 2067 680 2104 deducendi
696 2077 810 2107 erant,
838 2071 1062 2113 procurarent
1074 2082 1087 2107 ς
1108 2068 1259 2115 ideoque
1276 2071 1415 2118 regibus
1438 2070 1680 2107 successoribus

59 2117 418 2154 nabuchodonosoris
430 2129 644 2163 >pat-uerunt,
673 2127 707 2153 et
726 2128 795 2152 non
822 2116 890 2151 fine
916 2118 1037 2153 eorum
1069 2119 1231 2155 mandato
1253 2120 1537 2168 Hierosolymam
1568 2121 1680 2157 redie-

59 2178 151 2202 runt.
168 2172 185 2189 '¹
202 2170 362 2214 Cumque
385 2166 545 2203 Affuerus
571 2165 722 2203 ediRum
747 2165 888 2204 tulisset,
909 2178 951 2203 ut
977 2167 1100 2214 Judaei
1128 2180 1246 2204 omnes
1274 2183 1503 2208 necarentur¹
1535 2171 1680 2206 Mardo-

60 2215 316 2262 ehaeusj'ef‘alii
329 2217 449 2266 Judaei
465 2216 506 2253 ad
525 2229 643 2264 preces
664 2229 696 2252 et
709 2216 878 2265 jejunium
898 2218 1031 2253 tantum
1052 2215 1294 2264 confugerunt.
1347 2221 1452 2265 Quod
1475 2232 1558 2254 vero
1586 2219 1679 2265 apud

49 2265 377 2304 samuelem-estne
392 2266 470 2316 jure
485 2267 577 2317 regis
594 2267 737 2306 omnino
753 2265 843 2304 reae
860 2266 1053 2313 inspicienti
1074 2279 1234 2314 apparet,
1254 2264 1488 2307 *utvvobservat
1514 2270 1680 2308 Grotius,

864 2321 896 2352 A
914 2329 931 2351 a
954 2329 973 2351 a
1004 2328 1018 2360 3
1568 2330 1627 2353 nec
