1992 2739
328 208 374 245 48
576 200 645 235 DE
671 195 1257 242 ANTIQUAECCLESIAE
1286 192 1595 229 D'IS'CP‘LINA

381 288 533 336 Cyrinus
555 299 637 323 vero
658 286 699 322 de
726 287 877 333 primatu
911 296 989 319 cum
1008 284 1131 320 Acacio
1157 282 1448 330 aperte'certavit.
1469 293 1513 318 ut
1528 279 1619 317 testis
1639 279 1684 316 est
1693 281 1899 319 Theodotit.

280 340 339 375 lib:
362 351 390 373 2.
409 351 434 373 c.
462 344 741 383 26.quapropter
758 335 799 370 ab
818 336 878 371 illo
897 335 967 369 levi
994 333 1035 368 de
1058 332 1154 369 causa
1186 332 1358 378 depositus
1386 331 1441 368 est.
1504 331 1558 365 Ab
1582 330 1679 366 istius
1703 332 1834 379 judicio
1859 333 1901 368 ad

283 389 393 434 majus
411 387 576 435 judicium
597 386 797 433 provocavit
816 383 987 433 Cyrinus,
1013 395 1045 418 et
1063 384 1100 418 in
1119 382 1266 418 concilio
1284 381 1456 417 Seleuciae
1475 379 1594 415 habito
1612 382 1701 416 inter
1718 380 1899 428 episcopos

277 438 444 478 consedit,
471 449 510 473 ut
528 436 644 472 videre
661 433 707 470 est
723 433 816 481 apud
833 433 1039 469 Theodorit.
1061 431 1163 479 supra
1179 443 1210 466 et
1228 435 1318 466 Soer.
1344 431 1401 466 lib.
1425 442 1455 465 2.
1474 442 1500 465 e.
1519 441 1577 472 40.
1633 433 1762 467 Iterum
1787 443 1900 466 tamen

279 489 315 523 in
332 486 481 523 concilio
499 488 745 522 Acacianorum
761 482 1135 529 Constantinopolitano
1155 480 1324 527 depofitus
1345 478 1408 521 est,
1435 489 1475 515 ut
1492 478 1598 514 refert
1616 481 1691 515 Soz.
1718 480 1776 515 lib.
1806 491 1839 522 4.
1870 493 1898 516 c.

282 549 338 581 25.
351 561 359 575 ‚
388 537 447 584 qui
464 534 554 571 reste
570 535 724 574 advertit,
743 532 874 569 causam
894 532 1154 568 inimicitiarum
1168 533 1256 566 inter
1274 531 1431 566 Acacium
1448 541 1479 564 et
1495 528 1667 577 Cytillum
1686 529 1771 565 hane
1782 528 1891 567 fuitse.

278 586 375 631 quod
388 585 458 632 post
469 588 650 632 susceptum
673 584 984 630 Hierosolymorum
1008 584 1230 629 episcopatum
1256 580 1297 615 de
1324 583 1409 627 jure
1431 579 1691 625 metropolitano
1725 579 1891 625 adversus

279 638 439 672 Acacium
457 636 641 682 epzscopum
661 635 840 679 Caesareae
858 631 1109 672 controversiam
1127 638 1278 666 moverat
1293 638 1463 678 tamquam
1481 628 1687 676 apostoticam
1698 628 1810 674 sedem
1838 628 1890 664 ob·

280 695 401 721 linens.

383 736 477 768 Haec
496 733 530 766 in
553 731 724 780 Cyrillum
742 728 864 778 judicia
884 731 918 764 in
936 730 1074 765 irritum
1091 727 1180 765 mifit
1196 728 1379 764 concilium
1396 725 1836 773 Constantinopolitanum‚
1864 728 1900 762 in

281 795 353 829 quo
371 783 521 830 Cyrilius
541 794 607 828 pro
626 778 788 827 episcopo
806 779 941 814 habitus
964 778 1030 816 est.
1061 790 1098 814 ut
1124 777 1218 814 testes
1245 778 1320 814 sunt
1348 776 1499 823 episcopi
1526 775 1901 824 Constantinopolitani

279 833 415 868 concilii
438 844 466 875 3.
484 833 518 866 in
541 844 591 877 ep.
612 831 654 866 ad
672 829 892 864 occidentales
911 828 1003 874 apud
1025 828 1280 863 Theodoritum
1299 826 1356 862 iib.
1383 839 1410 870 5.
1431 839 1457 860 c.
1478 840 1532 871 9.‚
1548 825 1606 861 ubi
1628 824 1792 862 ecclesiam
1815 827 1902 862 Hie-

281 883 562 929 rololymitanam
582 880 737 915 omnium
756 878 965 913 ecclefiarum
986 890 1126 913 matrem
1144 889 1273 912 vocant.
1311 875 1614 924 Hierosolymitani
1635 874 1787 922 episcopi
1800 874 1896 911 usur-

284 935 458 978 pstionem
477 932 624 976 g-raviter
644 928 861 974 reprehendit
879 930 978 963 Hier.
997 927 1032 961 in
1052 927 1154 973 Apol.
1170 927 1211 961 ad
1238 926 1493 962 Pammachium
1513 936 1631 959 contra
1648 937 1782 960 errores
1792 927 1899 972 Joan-

281 983 335 1016 nis
356 979 667 1026 Hierosolymitani
685 989 711 1011 c.
734 988 788 1019 15.
820 976 890 1014 Tu,
917 977 1049 1020 inquit,
1079 979 1138 1022 qui
1156 977 1293 1021 regulas
1311 977 1446 1021 quaeris
1467 974 1705 1020 eccltfiasticas:
1735 983 1768 1009 et
1780 975 1902 1010 Nicae-

279 1034 317 1064 m'
334 1031 463 1064 concilii
480 1027 656 1063 canonibus
676 1029 784 1061 uteris
786 1051 911 1060 .....
939 1025 1102 1070 responde
1117 1025 1201 1058 milii
1216 1023 1261 1057 ad
1277 1022 1546 1058 Alexandrinum
1564 1025 1751 1068 episcopum
1786 1024 1901 1058 Palae·

272 1079 367 1125 fiina
401 1077 483 1125 quid
509 1075 683 1122 pertinet?
735 1075 787 1108 Ni
798 1074 930 1119 fallor,
957 1074 1012 1107 lzoc
1028 1071 1078 1106 ibi
1094 1072 1308 1110 decernitur,
1335 1079 1375 1105 ut
1390 1071 1596 1115 Palaestinae
1607 1073 1801 1118 metropolis
1821 1074 1900 1108 Cae-

274 1130 376 1173 sarea
385 1126 448 1173 sit,
477 1133 510 1160 et
525 1127 628 1161 totius
643 1125 787 1159 orientis
803 1122 1006 1158 Antiochia:
1033 1130 1110 1158 aut,
1138 1123 1253 1169 igitur
1269 1119 1315 1154 ad
1330 1121 1574 1165 Caesareenfhm
1591 1121 1774 1166 episcopum
1792 1123 1903 1168 refer-

280 1188 320 1211 re
341 1176 519 1214 debucras,
545 1176 598 1208 cui
608 1179 727 1218 spreta
744 1174 961 1206 communione
974 1179 1038 1206 tua
1055 1172 1293 1204 communicare
1310 1181 1367 1202 nos
1384 1181 1541 1209 noveras,
1579 1178 1639 1203 aut
1650 1169 1682 1214 ſs
1700 1172 1817 1215 procul
1842 1182 1900 1205 ex·

278 1224 458 1272 petendum
476 1231 552 1256 erat
560 1222 746 1267 judicium,
773 1220 988 1254 Antiochiam
1008 1221 1120 1263 potius
1136 1219 1278 1251 litterae
1296 1217 1509 1263 dirigendae.
1562 1217 1630 1251 Sed
1644 1221 1734 1257 novi,
1754 1221 1902 1254 our-Cae-

277 1277 431 1319 saream,
458 1282 516 1305 cur
531 1269 747 1304 Antiochiam
766 1269 910 1301 nolueris
926 1268 1078 1306 mittere,
1099 1264 1338 1310 scieba5‚quid
1349 1267 1514 1311 fugeres,
1548 1265 1632 1312 quid
1648 1255 1820 1306 {vitat-ess
1833 1281 1901 1302 ma-

282 1322 375 1367 luisti
391 1320 554 1366 occupatis
570 1316 710 1353 auribus
729 1315 901 1361 molestiam
915 1317 1050 1362 facere,
1079 1326 1174 1362 quam
1193 1312 1344 1348 debitunt
1369 1315 1632 1362 metropolitano
1655 1323 1717 1349 tuo
1744 1317 1900 1353 honorem

282 1370 436 1407 reddere.

385 1421 426 1452 In
446 1415 592 1452 concilio
602 1412 956 1461 EphefinoJuvenalis
979 1412 1067 1446 inter
1084 1410 1217 1456 primos
1238 1408 1339 1450 sedit,
1369 1421 1401 1444 et
1422 1409 1483 1456 ipfi
1506 1411 1687 1447 orientales
1712 1411 1899 1459 agnoscunt

283 1479 364 1503 eum
382 1468 434 1514 jus
453 1466 681 1502 ordinationis
701 1465 735 1498 in
757 1461 928 1508 aliquibus
946 1461 1132 1508 provinciis
1161 1458 1327 1498 habuisse,
1364 1459 1457 1504 ajunt
1484 1462 1574 1496 enim
1602 1461 1637 1495 in
1664 1463 1832 1508 petitione
1858 1464 1899 1500 ad

283 1520 441 1563 imperat.
462 1527 547 1551 tom.
570 1527 599 1559 3.
619 1516 724 1549 Cone.
743 1512 805 1548 col.
825 1525 866 1557 72
877 1518 907 1551 3.
926 1509 1090 1556 quosdam
1111 1520 1128 1542 e
1148 1506 1214 1541 suis
1234 1507 1274 1542 ab
1291 1505 1364 1552 ipso
1385 1509 1465 1543 oiim
1485 1510 1681 1551 ordinatos,
1710 1524 1770 1547 nec
1787 1526 1900 1560 prop.

281 1579 372 1603 terea
392 1565 505 1612 ipsum
525 1563 693 1604 incusant,
721 1561 778 1598 sed
804 1562 894 1597 iliius
920 1559 1117 1608 praestigias
1151 1566 1185 1590 et
1213 1555 1322 1592 studia
1346 1569 1407 1604 per
1431 1559 1637 1596 Phoenicem
1663 1560 1841 1598 secundam
1867 1574 1901 1599 et

281 1615 442 1653 Arabiam
463 1613 726 1660 reprehendunt.

381 1669 537 1700 Attamen
557 1661 687 1698 sanstus
704 1665 772 1696 Leo
794 1662 857 1707 Ep.
882 1662 938 1694 62.
966 1669 992 1693 c.
1021 1668 1054 1699 4.
1080 1655 1122 1690 ad
1149 1656 1341 1691 Maximum
1369 1655 1578 1703 Juvenalem‘
1603 1656 1752 1702 incusat,
1799 1660 1897 1705 quod

284 1714 481 1751 Palaestinae
499 1713 729 1760 principatum
753 1721 920 1756 occupare
945 1718 1088 1742 conatus
1112 1703 1231 1740 fuerit:
1261 1704 1346 1751 fi-cut
1370 1707 1492 1746 etiam,
1529 1707 1666 1751 inquit„
1702 1710 1741 1744 iu
1764 1710 1898 1757 synodo

282 1764 464 1811 Eplzesina‚
497 1775 582 1810 quae
601 1764 739 1807 impium
755 1761 947 1806 Nestorium
964 1769 1032 1791 tum
1048 1756 1204 1803 dogmate
1211 1755 1270 1800 suo
1284 1755 1448 1801 perculit,
1477 1756 1660 1796 Juvemlis
1679 1759 1845 1805 episcopus
1853 1759 1900 1795 ad

282 1813 495 1849 obtinendum
515 1811 720 1858 Palaestinae
736 1811 938 1857 provinciae
954 1809 1206 1854 principatum,
1232 1803 1381 1838 credidit
1401 1804 1431 1845 se
1446 1805 1538 1852 poffe
1547 1805 1700 1851 sufficere
1709 1810 1896 1853 etinsolen-

280 1872 328 1897 tes
347 1865 443 1906 ausus
459 1873 522 1907 per
537 1861 757 1896 commentitia
770 1860 901 1905 scripta
912 1855 1074 1899 firmare,
1110 1852 1197 1901 quod
1209 1854 1345 1898 sant‘Yae
1368 1857 1545 1889 memoriae
1568 1857 1714 1901 Cyrillus
1744 1858 1894 1893 Alexan-

284 1911 401 1946 drinus
418 1912 582 1957 episcopus
599 1912 717 1944 merito
733 1907 981 1953 perhorrescens
992 1928 1001 1942 ‚
1021 1903 1240 1950 scriptissuis
1258 1903 1340 1936 milti
1361 1902 1444 1949 quid
1459 1903 1638 1949 praedi&
1655 1905 1821 1952 cupiditas
1837 1919 1896 1942 au·

278 1960 390 2006 fastu
418 1960 587 1993 indicavit
603 1983 613 1995 ‚
640 1967 673 1993 et
691 1958 837 2001 sollicita
854 1967 953 2002 prece
969 1955 1106 1988 multum
1122 1953 1286 1999 poposcit,
1314 1960 1350 1985 ut
1368 1953 1460 1986 nulla
1473 1953 1784 1990 illicitiseonatibus
1797 1967 1895 2001 prae-

284 2007 578 2052 bereturadfhnfio.
629 2005 778 2043 Nescio,
805 2003 1057 2039 undehabuerit
1066 1999 1195 2036 sanstus
1216 2003 1284 2035 Leo
1309 2000 1506 2047 juvenalem
1526 2001 1566 2036 de
1583 2002 1781 2038 Palaestinae
1798 2006 1895 2050 prin-

286 2059 400 2103 cipatu
420 2057 454 2090 in
471 2055 614 2090 concilio
631 2053 804 2100 Ephefino
821 2052 936 2100 egiffe3
963 2051 1049 2087 nihil
1066 2051 1156 2086 enim
1171 2050 1207 2084 in
1236 2047 1318 2084 ustis
1349 2049 1451 2097 hujus
1477 2051 1613 2087 concilii
1635 2052 1680 2087 de
1705 2053 1768 2088 hae
1794 2066 1894 2098 quae·

285 2106 392 2141 flione
412 2106 596 2151 reperitur.

384 2157 434 2190 Ut
451 2167 486 2188 ut
504 2153 561 2191 sir,
589 2155 622 2188 in
643 2151 763 2186 eodem
782 2149 928 2184 concilio
950 2148 1025 2185 Aa.
1043 2160 1074 2193 4.
1092 2146 1156 2183 eol.
1183 2150 1264 2189 642·
1315 2146 1486 2193 Juvenalis
1504 2147 1574 2195 ipse
1605 2148 1647 2184 fic
1675 2149 1766 2186 suern
1801 2163 1893 2188 eom-

286 2205 421 2239 mendat
453 2203 587 2238 sedem:
623 2199 798 2248 oportebat
815 2199 946 2247 quidem
964 2224 972 2237 ‚
1006 2203 1172 2247 Joannem
1199 2195 1510 2231 reverendiffimum
1533 2199 1732 2234 Antiochiae
1763 2200 1892 2246 episco-

286 2267 390 2301 pum,
418 2255 476 2290 hac
487 2252 606 2299 sanHa
625 2260 658 2286 et
676 2262 800 2298 magna
817 2273 827 2286 ‚
854 2258 886 2284 et
904 2250 1104 2287 oecumenica
1114 2246 1241 2296 synodo
1251 2244 1454 2292 confido-ata
1472 2247 1659 2294 confestim,
1686 2258 1725 2285 ut
1750 2249 1797 2284 de
1822 2253 1865 2285 iit
1881 2275 1891 2292 ‚

1754 2310 1839 2347 quae
