2023 2760
313 210 823 250 DISSERTATIONES
849 209 1196 251 HISTORICAE.
1224 211 1383 251 Dtsstu.
1409 212 1455 251 n.
1607 219 1651 259 8!

93 313 148 339 tus
167 298 280 338 fuerat
297 305 332 339 in
354 306 507 341 oriente,
536 314 567 336 et
584 299 806 342 affirmant‚se
823 301 901 337 ideo
928 301 1072 337 noluisse
1094 305 1351 340 communicare
1374 301 1639 338 occidentalibus
1664 301 1700 337 in

96 353 228 401 synodo
246 353 442 394 Sa-rdicenfi,
472 352 564 399 quod
583 352 779 398 episcopm,
805 363 824 384 a
842 350 876 386 se
902 351 1077 387 damnatos
1106 367 1175 389 non
1202 351 1435 401 projecissent,
1471 365 1532 387 nec
1556 352 1702 397 dignum

91 402 260 437 honorem
287 405 477 439 tribuerent
502 405 642 438 orientis
668 401 831 440 concilio,
867 401 1003 436 demum
1029 401 1157 438 fastum
1187 402 1446 439 occidentalium
1475 401 1516 437 fic
1541 401 1699 437 ineufi-int.

84 451 186 489 Hanc
202 456 408 490 novitatem,
435 455 616 499 inquiunt,
644 449 868 485 moliebantur
885 451 1060 488 inducere.
1088 465 1183 500 quam
1208 455 1325 489 horret
1350 461 1447 487 vetus
1476 451 1672 497 consuetudo
1691 475 1700 491 ‚

82 509 123 536 ut
142 504 179 537 in
196 505 333 537 concilio
352 506 528 538 orientales
545 503 706 548 epzjcopi,
733 499 821 547 quod
832 500 1152 547 fortestatuiffent,
1181 501 1222 536 ab
1239 500 1496 536 occidentalibus
1516 505 1703 546 refricare-

79 558 163 596 tur5
186 550 343 596 similiter
366 552 533 601 quidquid
559 550 808 584 occidentalium
830 554 984 593 partium
1014 553 1156 595 epijcopi
1181 549 1223 584 ab
1251 549 1472 585 orientalibus
1496 553 1699 594 solveretur.

80 600 207 634 Verum
226 604 368 636 omnium
388 603 597 635 conciliorum
611 599 695 644 just'e
713 599 924 645 ligitimeque
942 599 1091 632 aHorum
1110 599 1245 633 decreta
1256 597 1429 641 firmanda
1459 601 1618 644 majorum
1643 611 1700 633 no-

68 648 214 695 strorum
234 650 323 697 gesta
345 650 545 697 confignant.
596 649 685 682 Nam
702 649 736 680 in
755 645 837 680 urbe
860 647 962 680 Roma
982 645 1044 690 sub
1071 647 1209 682 Novato
1236 657 1270 683 et
1296 647 1439 682 Sabellio
1468 657 1501 682 et
1519 648 1699 682 Valentino

78 698 259 733 haereticis
270 700 405 744 fufium
423 701 596 734 concilium
619 695 660 730 ab
679 694 901 730 orientalibus
918 694 1145 737 confirmatum
1164 696 1207 742 est
1219 721 1228 737 ,
1258 705 1291 737 et
1308 699 1432 731 iterum
1458 698 1493 731 in
1509 698 1635 731 oriente
1635 696 1699 741 sub

78 747 183 782 Paulo
206 747 436 793 Samosateno‚
465 747 552 795 quod
566 746 727 791 statutum
750 744 811 790 est,
841 743 882 778 ab
901 743 1050 779 omnibus
1081 745 1124 791 est
1142 745 1328 793 signatum.
1390 746 1484 780 Hinc
1510 746 1699 792 imperator

73 793 291 831 Constantius
318 799 353 831 in
378 799 441 843 Ep.
467 796 508 831 ad
543 793 793 830 Ariminensem
820 792 991 841 synodum
1024 793 1068 828 fic
1095 794 1317 829 occidentales
1341 794 1528 840 alloquitur
1545 820 1553 835 ‚
1618 796 1698 830 Non

77 847 185 885 enim,
213 846 344 890 inquit,
372 846 412 881 de
429 843 651 881 orientalibus
671 845 829 890 episcopis
848 846 885 878 in
905 844 1040 879 concilio
1059 844 1167 887 vestro
1184 847 1326 890 patitur
1344 848 1436 879 ratio
1455 844 1588 892 aliquid
1613 844 1699 887 clesi-

73 893 155 934 m'ri,
172 895 321 940 proinde
330 898 435 941 super
450 896 500 929 ln's
517 904 660 933 tantum,
672 904 756 940 quae
775 892 820 927 ad
837 904 893 927 vos
902 896 1077 939 pertinere
1094 895 1263 940 cognoscit
1277 896 1439 943 gravitas
1450 895 1560 939 vestra
1575 895 1699 928 traHa-

73 953 113 978 re
130 942 301 979 debebitis.
356 947 399 979 Et
424 942 503 990 post
518 943 593 979 alia.
647 941 742 985 Quae
776 953 844 976 cum
863 946 912 976 ita
925 943 1009 989 stnt,
1042 941 1207 986 adversus
1234 945 1412 978 orientales
1437 945 1526 978 nihil
1547 944 1697 989 statuere

73 1003 132 1026 vos
148 1001 298 1037 oportet,
325 1002 387 1027 aut
401 994 430 1039 fi
447 993 581 1040 aliquid
599 993 775 1026 volueritis
792 1000 907 1025 contra
927 991 1047 1035 eosdem
1061 991 1251 1036 praediffis
1268 991 1454 1036 absentibus
1472 991 1630 1034 definire,
1657 993 1698 1028 id

74 1040 289 1088 quodfuerit
305 1043 520 1087 usurpatum,
548 1043 653 1074 irrito
670 1041 839 1082 evanescet
862 1039 989 1083 qffeflu.
1044 1039 1120 1072 Scio
1140 1039 1307 1082 equidem,
1327 1043 1466 1085 Lupum
1486 1052 1518 1074 et
1536 1041 1618 1075 alios
1637 1041 1692 1076 hic

76 1100 141 1123 nos
160 1089 279 1124 acerbe
297 1101 453 1135 carpere,
498 1087 591 1133 quod
612 1085 901 1121 schismaticorum
922 1097 952 1120 et
985 1086 1252 1127 haereticorum,
1283 1098 1321 1121 ut
1349 1088 1462 1134 ajunt,
1497 1087 1693 1124 testimonia

75 1136 266 1174 laudemus.
317 1141 450 1173 Verum
469 1150 537 1172 non
551 1149 595 1172 -eo
614 1134 753 1171 consilio
780 1134 813 1169 id
832 1132 992 1175 facimuffi
1022 1147 1060 1170 ut
1078 1135 1220 1171 illorum
1240 1135 1368 1171 causam
1388 1137 1593 1183 probemus,
1633 1137 1691 1173 sed

73 1196 207 1221 tantum
223 1196 261 1220 ut
279 1186 492 1221 ostendamus
507 1211 515 1225 ‚
544 1196 630 1228 quae
649 1184 755 1217 fuerit
775 1183 991 1217 orientalium
1008 1182 1203 1228 disciplina,
1232 1197 1318 1229 quae
1338 1198 1406 1220 non
1425 1186 1536 1222 solum
1555 1200 1593 1221 ex
1619 1186 1690 1223 istis

72 1235 307 1270 monumentis
327 1232 496 1271 elucescit,
513 1231 580 1265 >sed
597 1232 700 1264 etiam
718 1242 756 1262 ex
774 1230 814 1262 iis
833 1241 983 1272 quorum
1009 1232 1172 1264 autoritas
1202 1231 1247 1265 est
1272 1244 1361 1266 extra
1388 1246 1524 1269 omnem
1551 1247 1692 1272 contro-

72 1281 232 1321 versiam,
259 1293 298 1317 ut
314 1282 382 1330 jam
401 1277 728 1318 demonstravimus,
752 1287 787 1311 et
803 1276 956 1322 sequenti
972 1278 1191 1324 paragrapho
1213 1278 1252 1313 de
1279 1279 1416 1316 iaeculis
1438 1280 1688 1327 posterioribus

73 1331 336 1368 demonstraturi
352 1330 479 1366 sumus.

219 1384 352 1417 Verum
369 1391 406 1416 ut
424 1380 475 1415 illi
491 1378 623 1415 tandem
640 1375 823 1422 aliquando
842 1374 993 1411 desinant
1008 1388 1069 1412 nos
1092 1388 1132 1413 eo
1160 1378 1301 1414 nomine
1321 1379 1520 1419 criminari,
1553 1381 1689 1420 audiane

72 1430 292 1468 Ambrosium
315 1443 390 1466 eum
409 1427 601 1464 Eusebianis
621 1427 821 1462 sententiam
841 1439 893 1461 res
911 1427 1051 1462 orientis
1071 1429 1104 1462 in
1121 1427 1276 1463 orientali
1294 1429 1459 1467 concilio,
1487 1442 1518 1465 et
1535 1433 1688 1468 occiden.

71 1483 117 1517 tis
144 1482 178 1515 in
197 1480 397 1516 occidentali
413 1479 590 1513 terminari
611 1486 781 1522 oportere.
834 1479 867 1509 Is
890 1476 996 1521 igitur
1015 1476 1161 1511 Palladio
1181 1477 1387 1526 presbytero
1397 1481 1524 1514 Ariana
1541 1484 1682 1525 petenti,

70 1541 111 1566 -ut
131 1530 308 1565 orientales
326 1527 476 1576 episcopi
491 1528 532 1561 ad
551 1525 719 1574 synodum
738 1523 986 1567 Aquileiensem
1004 1528 1179 1565 venirent,
1209 1538 1246 1562 ut
1266 1527 1305 1562 de
1321 1528 1353 1562 se
1363 1528 1530 1575 judicium
1542 1528 1684 1573 ferrent,

73 1579 191 1615 nolens
209 1578 465 1615 occidentalium
482 1576 610 1623 judicio
629 1572 693 1609 sese
711 1574 923 1607 committere
935 1599 943 1613 ,
970 1574 1012 1609 fic
1028 1574 1222 1622 respondet.
1276 1577 1416 1613 Interim
1435 1582 1512 1626 quia
1541 1582 1687 1628 inficpe-

75 1627 223 1663 rioribus
257 1626 458 1674 temporibus
491 1626 662 1660 concilium
680 1649 688 1662 ,
719 1621 764 1668 fic
790 1622 924 1667 fufium
953 1624 994 1669 est
1010 1649 1019 1663 ,
1057 1634 1097 1659 ut
1129 1628 1311 1661 orientaler
1355 1629 1392 1661 in
1425 1630 1566 1662 orientis
1601 1642 1686 1676 par-

75 1677 163 1712 tibus
182 1677 369 1723 constituti,
396 1674 557 1711 haberent
573 1674 749 1708 concilium
766 1669 976 1708 occidentale,
1001 1676 1038 1707 in
1056 1674 1226 1709 occidente
1243 1687 1315 1715 ,nos
1333 1678 1371 1710 in
1388 1676 1564 1711 occidentis
1571 1683 1685 1725 par-ti-

74 1725 134 1762 bus
152 1726 340 1770 constituti,
369 1725 580 1759 convenimus
601 1721 841 1770 Aquileiensem
859 1722 1049 1761 civitatem,
1069 1724 1177 1767 juxta
1196 1727 1433 1771 imperatorum
1449 1737 1682 1775 praeceptum.

45 1802 52 1811 t
72 1775 234 1822 Denique
248 1773 369 1813 etiamsi
380 1772 578 1819 praefec'hcs
596 1771 720 1806 Italiae
738 1770 873 1820 litteras
892 1767 1008 1809 dedit,
1037 1779 1075 1804 ut
1086 1770 1114 1815 fi
1130 1773 1253 1807 vellent
1274 1775 1456 1808 orientales
1477 1779 1656 1813 convenire
1670 1804 1683 1820 0

72 1825 114 1859 in
129 1823 290 1871 potestate
311 1821 350 1857 id
368 1820 550 1866 haberent3
571 1819 636 1865 sed
643 1821 721 1868 quia
730 1818 874 1861 scierunt
891 1818 1158 1862 consuetudinem
1174 1822 1358 1867 hujusmodi
1376 1822 1456 1868 effe,
1485 1833 1523 1859 ut
1556 1828 1593 1860 in
1614 1830 1686 1862 ori.

72 1881 168 1909 ente,
193 1873 407 1908 orientalium
423 1870 500 1917 effer
517 1870 708 1909 concilium,
734 1869 831 1902 intra
849 1866 1069 1908 occidentem,
1096 1868 1365 1911 occidentalium,
1393 1870 1464 1906 ideo
1470 1883 1683 1919 putaverunt

72 1934 141 1958 non
157 1921 222 1968 effe
236 1919 448 1956 veniendum.
501 1921 598 1964 Quae
616 1917 756 1963 quidem
786 1915 957 1951 Ambrosii
985 1915 1145 1951 sententia
1171 1916 1352 1964 supponit,
1387 1932 1439 1955 res
1467 1923 1682 1962 orientalium

73 1971 116 2007 ab
133 1968 353 2006 orientalibus
367 1994 375 2010 ,
404 1980 436 2003 et
456 1967 716 2004 occidentalium
734 1966 774 2001 ab
792 1965 1056 2001 occidentalibus
1072 1966 1298 2002 administrari
1315 1967 1452 2012 debere3
1482 1972 1525 2007 ita
1546 1985 1581 2008 ut
1593 1975 1679 2010 nihil

72 2019 118 2055 :d
135 2020 278 2056 orientis
291 2017 472 2065 episcopos
491 2018 659 2066 pertineat
675 2029 790 2052 rerum
807 2014 1054 2061 personalium,
1083 2027 1169 2060 quae
1185 2014 1262 2052 sunt
1280 2018 1313 2052 in
1339 2018 1681 2067 occidentejudicium

73 2069 159 2105 ficut
175 2068 319 2105 viciffim
336 2066 378 2102 ad
397 2066 619 2115 occidentales
638 2078 707 2101 non
725 2066 873 2111 pertinet
896 2066 930 2100 in
950 2064 1132 2100 orientales
1151 2065 1334 2111 judicium:
1363 2068 1456 2112 quod
1465 2071 1680 2116 Constantius

73 2119 174 2206 diiii„
192 2117 297 2169 Epist.
313 2117 358 2155 ad
377 2114 549 2166 synodum
566 2113 835 2156 Aritninensem.
857 2126 989 2152 necnon
1005 2113 1180 2153 Eusebiani
1197 2116 1234 2152 in
1256 2116 1574 2167 Philippopolitano
1597 2133 1679 2160 con..

74 2179 95 2206 e
137 2179 170 2205 ο.

873 2316 904 2352 1.
942 2324 960 2349 ε
1510 2321 1539 2363 5.
1566 2321 1629 2360 111.
