2023 2760
382 226 387 229 -
440 209 938 246 DISSERTATIONES
990 211 1358 247 HISTORICAE.
1614 224 1653 255 33

94 297 160 334 cilii
180 295 382 338 dioecesani,
409 310 475 351 ηομ
497 299 687 344 reperietur
702 298 895 333 Romanum
912 296 1113 344 pontificem
1132 299 1206 345 jure
1225 302 1474 346 patriae-:natus
1490 312 1528 334 ex
1547 312 1618 336 toto
1645 316 1699 337 oc·
1724 324 1727 325 ν

91 346 223 382 cidente
247 345 414 395 synodum
441 348 642 383 convocaise.
696 348 740 381 Et
764 345 786 380 fi
813 349 951 391 qnando
973 347 1170 383 numer-osas
1200 349 1348 397 synodos
1376 350 1446 384 imo
1473 361 1505 384 et
1531 352 1703 396 generales

83 398 296 436 conv-ocavit,
323 394 406 430 fecit
425 397 461 431 id
479 411 548 433 non
565 395 821 443 patriarchatus,
847 396 902 432 sed
919 398 1086 443 primatus
1103 397 1179 444 jure
1197 411 1228 433 et
1245 399 1453 438 angioritate,
1482 410 1515 434 et
1532 401 1610 436 ideo
1631 413 1700 436 nnn

78 444 195 491 potest
215 446 282 480 dici
299 446 565 491 patriarchatum
586 449 620 491 in
644 457 754 481 totum
779 446 986 481 occidentem
1013 446 1171 481 habui-sse.
1225 448 1466 484 Nihilominus
1491 460 1601 484 tamen
1628 449 1699 484 suc-

84 494 175 530 ceffu
189 496 357 540 temporis
367 498 539 530 Romanus
559 492 716 542 pontifex
733 497 981 540 patriarchatus
1000 496 1051 531 sui
1068 496 1194 531 limites
1208 523 1215 536 ‚
1246 510 1407 542 quantum
1430 500 1558 543 potuit,
1586 511 1699 534 exten-

86 544 156 580 dit:
180 557 215 579 ac
231 546 348 590 primo
364 545 542 592 Illyricum
563 545 684 581 ditioni
702 543 779 579 suae
799 558 863 590 per
884 547 1029 583 vicarios
1049 545 1192 591 adjicere
1209 558 1350 582 conatus
1374 546 1438 581 est:
1468 546 1592 582 deinde
1614 561 1697 583 vero

84 606 155 629 non
177 594 282 629 modo
302 605 407 629 totam
425 595 576 637 Italiam,
604 595 700 631 sedet
719 594 848 629 Gallias
858 606 956 639 atque
976 594 1179 641 Hispaniam
1197 595 1444 642 patriarchatus
1461 595 1511 631 sui
1527 597 1696 632 limitibus

86 643 332 690 comprehendi
358 644 474 683 voluit.
736 662 739 665 ·

236 694 306 728 Hic
322 704 432 728 autem
450 693 546 729 valde
562 695 683 735 miror,
695 693 880 728 nonnullo-s
898 693 960 729 esse
972 719 980 734 ,
1010 694 1069 739 qui
1091 694 1171 730 licet
1196 694 1366 732 fateantur
1387 697 1584 730 Romanum
1605 706 1696 741 pon-

85 741 209 778 tificem
227 755 296 777 non
315 741 466 778 habuisse
482 744 536 789 jus
563 743 912 790 metropolitanorum
940 745 974 778 in
998 755 1072 779 toto
1102 745 1273 780 occidente
1298 744 1592 782 ordinandorum,
1619 757 1697 779 con-

84 791 221 827 tendant
238 803 450 829 tamen‚eum
465 791 562 828 fuisse
578 795 683 828 totins
702 793 886 828 occidentis
903 794 1142 839 patriarcham.
1195 797 1283 831 Cum
1302 796 1392 830 enim
1408 794 1619 841 patriarchae
1636 806 1697 828 au-

86 840 228 877 [toritas
247 853 278 876 et
298 840 490 889 jurisdthIO
510 844 544 877 in
564 835 605 878 eo'
622 843 803 889 praecipue
821 842 895 889 jure
913 842 1081 884 consistat,
1110 843 1218 879 statim
1237 857 1338 890 atque
1354 844 1440 880 illud
1457 842 1611 890 pontifici
1629 846 1695 878 Ro-

85 902 186 926 mano
203 891 237 925 in
256 903 366 926 totum
385 892 593 927 occidentem
614 905 684 927 non
702 891 909 938 competiisse
927 892 1094 934 fatentur,
1124 892 1250 928 necesse
1270 894 1332 935 est,
1360 905 1398 929 ut
1415 892 1597 939 agnoscant
1615 905 1695 928 eum

85 952 155 976 non
175 938 276 976 fuiss'e
290 942 434 987 proprie
453 943 556 976 totius
573 942 755 977 occidentis
772 942 1010 987 patriarcham.
1038 943 1143 985 Quod
1165 943 1188 978 fi
1208 944 1294 979 nihil
1313 944 1404 978 aliud
1425 943 1560 983 volunt,
1590 955 1695 987 quant

85 991 278 1025 Romanum
296 989 493 1036 pontificem
512 990 610 1025 fuisse
626 994 714 1025 inter
733 991 918 1025 occidentis
939 992 1117 1037 episcopos
1135 994 1290 1037 primum
1308 1005 1345 1027 ac
1368 994 1596 1038 praecipuum
1609 1017 1617 1031 ‚
1646 1004 1694 1026 ar-

85 1050 153 1083 que
167 1039 231 1073 ·hac
248 1039 288 1074 de
305 1039 400 1074 causa
418 1051 541 1074 certam
561 1040 743 1083 quamdam
763 1039 797 1072 in
815 1050 930 1073 totum
949 1040 1158 1074 occidentem
1171 1041 1519 1087 superinspestionem
1531 1039 1692 1080 habuisse.

87 1099 157 1121 non
185 1087 305 1124 video,
341 1099 402 1122 cur
426 1087 513 1122 istud
535 1088 623 1135 {uris
648 1089 736 1121 intra
753 1086 965 1122 occidentem
992 1095 1148 1122 coercere
1181 1090 1303 1129 velint,
1339 1090 1433 1134 quod
1456 1102 1486 1124 et
1510 1091 1544 1124 in
1573 1088 1691 1135 ipsum

87 1137 254 1172 orientem
280 1136 431 1172 habebat.
483 1139 576 1176 Nam
594 1137 627 1170 vi
644 1138 810 1181 primatus
827 1135 877 1170 sui
894 1140 1067 1171 Romanus
1086 1137 1245 1183 pontifex
1273 1152 1341 1173 non
1364 1138 1473 1174 solum
1499 1139 1691 1173 occidenta-

86 1185 172 1220 lium
187 1211 194 1225 ‚
223 1184 328 1219 sedet
344 1184 562 1219 orientalium
580 1185 789 1218 ecclesiarum
814 1195 939 1217 certam
960 1187 1143 1227 quamdam
1163 1198 1279 1220 curam
1298 1187 1422 1221 habere
1441 1187 1559 1225 debet,
1587 1199 1689 1231 atque

85 1234 289 1279 invigilare,
315 1245 354 1266 ut
370 1231 496 1275 ubique
515 1243 661 1265 canones
679 1231 919 1270 observentur,
948 1230 1100 1276 fidesque
1118 1233 1245 1267 illibata
1263 1233 1491 1275 custodiatur,
1518 1235 1611 1279 quod
1639 1236 1690 1277 'lus

84 1281 109 1318 fi
125 1281 389 1328 patriarchicum
410 1281 551 1321 dixeris,
580 1279 703 1314 necesse
722 1278 781 1319 est,
808 1290 846 1314 ut
867 1279 954 1313 dicas
973 1282 1167 1316 Romanum
1191 1281 1393 1328 pontificem
1419 1295 1488 1317 non
1505 1277 1689 1318 occideritis

83 1331 191 1367 >modo
207 1358 215 1373 ‚
243 1329 300 1367 sed
327 1342 357 1365 et
374 1331 479 1365 totius
497 1329 591 1364 orbis
610 1329 836 1375 patriarcham
854 1326 963 1365 fuisse⁴

234 1384 280 1416 At
304 1381 469 1425 quoniam
489 1378 671 1414 adversarii
691 1377 856 1413 nonnulla
873 1378 1056 1424 proferunt
1073 1377 1277 1419 testimonia,
1307 1379 1431 1425 quibus
1450 1378 1591 1415 ‘suadere
1610 1393 1692 1416 con·

83 1430 223 1466 tendunt
242 1429 416 1464 dioecesim
434 1430 579 1464 Romani
598 1427 772 1474 pontificis
791 1425 888 1462 fuiffe
904 1439 1016 1463 totum
1036 1428 1262 1466 occidentem,
1280 1429 1428 1465 breviter
1442 1442 1479 1464 ea
1497 1430 1595 1465 nobis
1612 1443 1690 1476 per-

84 1480 249 1516 currenda
263 1478 363 1519 sunt,>
388 1490 419 1513 et
436 1491 535 1522 quam
548 1490 668 1523 parum
688 1476 823 1512 roboris
847 1476 1001 1519 habeant,
1026 1476 1310 1522 ostendenduin.³2

234 1530 387 1563 Primum
408 1538 648 1573 argumentum
667 1538 786 1571 petunt
804 1538 840 1559 ex
857 1526 992 1572 epistola
1011 1525 1170 1573 synodica
1192 1528 1329 1563 concilii
1355 1527 1556 1563 Arelatensis
1580 1529 1690 1574 primi

84 1576 128 1614 ad
140 1578 364 1626 Sylvestrum,
390 1578 427 1610 in
446 1590 512 1621 qua
528 1575 648 1623 synodi
666 1586 777 1621 patres
797 1575 930 1616 dicunt,
950 1575 1061 1621 ipsum
1085 1580 1226 1621 majores
1242 1588 1355 1612 tenere
1379 1578 1557 1621 dioeceses,
1585 1591 1691 1623 ergo,

85 1629 265 1672 inquiunt,
295 1626 479 1661 occidentis
496 1625 661 1660 dioeceses
679 1623 827 1664 tenebat,
851 1636 927 1659 non
948 1637 1057 1660 autem
1080 1639 1185 1661 unam
1209 1638 1356 1667 tantum,
1385 1636 1422 1661 ut
1452 1638 1516 1661 nos
1544 1627 1688 1664 arbitra-

87 1689 186 1717 mur,
214 1674 387 1710 dioecesim
406 1677 533 1709 Romae
552 1675 689 1709 caeteris
718 1674 878 1709 omnibus
902 1675 1087 1710 minoremi

184 1729 314 1760 Verum
334 1737 433 1759 nemo
452 1737 521 1758 non
541 1723 784 1770 deprehendit,
800 1735 901 1768 quam
913 1735 1033 1768 parum
1056 1723 1144 1758 reete
1162 1725 1325 1770 procedat
1342 1735 1593 1771 argumentum,
1611 1727 1688 1770 quis

88 1776 179 1810 enim
195 1773 302 1809 ferret
319 1773 405 1808 istud
424 1774 640 1808 ratiocinium
658 1786 664 1806 :
693 1771 848 1819 pontifex
867 1776 1040 1807 Romanus
1058 1773 1202 1820 majores
1217 1775 1396 1809 occidentis
1408 1772 1567 1810 dioeceses
1584 1785 1686 1816 tenet,

86 1837 169 1871 ergo
182 1836 298 1859 omnes
309 1824 429 1858 tenet?
449 1823 579 1858 Deinde
599 1835 680 1858 vero
697 1821 884 1857 dioeceseos
905 1834 1026 1856 nomen
1045 1822 1098 1857 hic
1116 1821 1226 1857 striSte
1243 1836 1311 1858 non
1329 1823 1476 1859 sumitur
1493 1835 1559 1869 pro
1575 1824 1687 1870 impe-

87 1876 132 1910 rii
149 1873 371 1912 dioecefibus‚
400 1871 454 1907 sed
475 1873 592 1919 potius
608 1885 675 1918 pro
693 1871 832 1917 singulis
851 1872 891 1905 iis
907 1872 1097 1917 provi-neiis
1115 1897 1123 1912 ,
1152 1885 1234 1916 quas
1253 1876 1425 1908 Romanus
1450 1869 1607 1919 pontifex
1631 1886 1685 1908 rc-

87 1923 205 1970 gebat,
233 1934 272 1958 ut
291 1921 401 1957 sensus
419 1921 476 1962 fit,
504 1933 558 1959 tu,
585 1922 646 1966 qui
671 1921 857 1969 majoribus
881 1933 999 1968 praees
1018 1921 1198 1957 occidentis
1221 1922 1379 1964 ecclesiis,
1395 1923 1529 1958 caeteris
1545 1919 1687 1968 paschae

87 1973 178 2012 diem
195 1985 258 2018 per
276 1972 402 2007 litteras
419 1970 633 2017 figni‘ficabis.
1603 2002 1607 2005 Δ

187 2021 354 2058 Secundo,
390 2020 493 2055 iidem
525 2019 698 2056 adducunt
716 2020 829 2065 sangi
859 2020 976 2064 Basilii
999 2021 1217 2067 testimonium
1241 2033 1282 2056 ex
1309 2021 1445 2067 epistola
1470 2033 1532 2061 10.,
1559 2023 1596 2056 in
1623 2033 1689 2069 qua

88 2073 271 2108 Romanum
289 2071 471 2117 epzscopum
490 2079 605 2110 vocat,
633 2070 882 2105 occidentalium
900 2071 1137 2117 coryphaeum,
1165 2070 1199 2104 id
1217 2068 1279 2111 est,
1306 2070 1521 2105 occidentalis
1539 2069 1688 2106 ecclefiae

90 2119 297 2167 principem.
350 2119 414 2154 Sed
434 2118 542 2154 nihilo
561 2120 669 2164 magis
688 2118 746 2154 iste
772 2117 866 2158 ,locus
897 2120 937 2153 ad
958 2119 1174 2165 propositum
1194 2121 1342 2166 pertinet
1361 2133 1367 2152 ε
1395 2130 1473 2153 narn
1498 2118 1522 2154 fi
1541 2131 1602 2164 per
1627 2132 1686 2154 vo-

91 2181 165 2205 cem
187 2169 280 2204 illam
305 2167 518 2204 occidentalis
540 2167 691 2203 ecclesiae
715 2168 905 2214 principem
931 2169 1117 2214 intelligant
1138 2181 1239 2209 eum,
1268 2170 1327 2214 qui
1353 2169 1442 2203 inter
1467 2168 1687 2203 occidentales

95 2220 229 2264 primus
250 2217 296 2253 est
309 2242 318 2255 ‚
335 2217 510 2252 ethonore
528 2229 679 2253 caeteros
696 2217 881 2258 antecellit,
899 2218 988 2262 quod
1000 2219 1142 2264 proprie
1157 2230 1220 2264 per
1231 2231 1355 2254 nomen
1371 2224 1529 2263 κορυφαῖος
1539 2216 1690 2263 defigna-

94 2276 169 2305 tur,
194 2267 258 2304 hoc
277 2265 375 2303 sensu
391 2270 586 2306 Romanum
603 2266 821 2316 pontificem,
848 2278 929 2304 tunc
948 2267 1162 2304 occidentalis
1178 2266 1327 2306 ecolefiae
1350 2268 1547 2315 principem
1571 2264 1690 2305 fuiffe,

936 2318 966 2354 E
1516 2336 1518 2340 ν
1562 2317 1643 2363 quis
