1940 2728
254 217 329 261 466
512 195 874 249 DE‘ANrto‘vA
908 193 1209 240 ΕείῑῑιῑεῙ-’ΛιῑΔ
1236 195 1583 237 Dismrrma

207 304 349 352 adeoque
367 302 469 348 ipsum
490 297 644 333 decanum
656 297 820 337 Joanuem
838 286 1163 328 Fabrum'lzominem
1181 292 1316 337 antiqui
1335 292 1444 330 moris,
1471 302 1530 324 nec
1547 290 1704 338 vulgaris
1731 290 1822 323 inter

208 365 257 389 eos
276 351 478 387 eruditionis
496 349 597 382 aliter
614 345 765 394 Jenfiffe,
793 352 825 377 et
852 341 953 376 valde
975 342 1122 386 juvenes
1146 348 1213 373 tam
1236 342 1421 386 pernicioso
1449 339 1578 383 consilio
1605 343 1641 372 in
1661 340 1822 385 praesens

207 402 384 438 temerario
401 396 492 444 apud
506 396 646 443 posteros
665 395 815 439 iizsam‘ae
832 396 929 438 pleno
949 390 1162 424 dehortatum
1179 388 1260 434 effe,
1287 401 1324 422 ac
1351 388 1503 434 censuqffi·
1515 413 1523 428 ‚
1540 386 1590 423 ‘m
1615 399 1666 420 re,
1685 390 1825 435 integra

207 451 252 486 ad
266 447 454 496 pontificem
469 448 713 480 remitteretur.
764 441 899 476 Mirum
920 437 980 473 effe
999 449 1069 472 non
1089 436 1206 477 debet,
1237 437 1330 481 quod
1349 437 1468 482 plures
1487 450 1554 470 non
1575 436 1734 476 fuerunt,
1765 437 1825 479 qui

170 538 174 540 ,
207 499 272 535 sese
289 506 518 544 opponerent,
545 495 617 528 imo
633 493 761 527 mirum
774 491 899 537 'potius
914 487 960 523 est
979 489 1014 523 in
1037 484 1326 522 calamitofiffimis
1353 486 1569 533 temporibus
1601 485 1699 521 ausos
1726 483 1825 519 fuisse

209 547 373 596 quosdam
398 542 568 580 relustari.

357 593 557 640 Respondeo
576 591 698 630 tertio,
726 587 852 623 nullius
870 584 932 622 else
949 585 1117 620 momenti
1137 584 1334 632 hujusmodi
1353 583 1527 619 decretum
1545 596 1607 631 per
1625 585 1693 618 vim
1713 595 1826 618 extor-

209 659 305 688 tum,
333 657 373 680 eo
390 655 560 689 tempore,
589 653 658 685 quo
681 650 794 674 tutum
812 649 882 673 non
900 647 968 670 erat
986 632 1215 669 defectionem
1235 647 1303 670 non
1330 635 1499 681 probare,
1527 646 1596 678 qno
1617 632 1775 668 caedibus
1795 644 1828 667 et

210 696 340 743 rapinis
354 694 473 740 ,omnia
497 701 591 726 erant
610 690 719 735 plena.

357 740 560 787 Respondeo
580 749 718 783 quarto,
756 732 948 768 facultatem
975 730 1191 778 Pariliensetn
1216 728 1396 766 infamiam
1431 730 1660 777 quorumdam
1680 757 1688 770 ,
1718 729 1828 765 statim

209 806 310 840 atque
327 792 433 827 libere
452 789 568 836 potuit
586 784 788 821 convenire,
819 779 974 816 deleviffe
992 803 1000 819 ‚
1029 790 1059 813 et
1087 792 1103 812 e
1131 779 1199 814 suis
1227 780 1398 814 tabulariis
1424 781 1539 814 abradi
1563 779 1700 824 jullille,
1729 780 1829 823 qnid-

210 843 294 890 quid
316 842 386 890 ejus
404 839 541 879 nomine
557 849 574 869 a
594 830 800 917 quibulglffl‘l
820 829 933 865 fuerat
948 830 982 863 in
1003 828 1132 872 regiam
1151 825 1352 874 majestatem
1384 826 1576 862 confestum
1590 853 1598 867 ‚
1627 840 1664 861 ac
1687 827 1830 862 solemni

211 895 347 928 decreto
369 883 539 924 sancivilse
563 882 710 920 obedien
817 881 893 927 regi
920 873 1180 926 praestandam,
1208 876 1286 912 licet
1314 877 1468 913 nondum
1488 889 1506 912 a
1524 889 1611 925 papa
1637 874 1748 912 fuilset
1774 876 1832 911 ab.

208 942 351 979 solutus.

926 1070 952 1113 ς.
979 1060 1115 1105 ν111,’

488 1170 546 1212 De
572 1172 707 1223 censura
742 1171 776 1208 in
801 1169 911 1207 libros
946 1168 1139 1206 libertatum
1170 1162 1370 1200 Gallicanae
1396 1164 1550 1216 ecclcssae.

179 1318 182 1321 .
213 1278 382 1370 Anne
413 1288 518 1330 1639.
545 1284 615 1319 duo
632 1283 809 1320 volumina
833 1281 995 1327 prodiere
1020 1278 1111 1325 typis
1131 1275 1265 1316 excusa,
1304 1276 1350 1309 ita
1377 1273 1561 1320 inscripta,
1597 1274 1763 1309 traflatus
1788 1271 1831 1308 de

182 1367 186 1370 .
211 1374 213 1376 ,
330 1335 470 1381 juribus
489 1343 521 1369 et
547 1332 763 1368 libertatibus
793 1331 933 1377 ecclesiae
960 1330 1157 1374 Gallicanae
1174 1340 1185 1360 :
1219 1325 1360 1365 alterum
1378 1350 1386 1365 ,
1417 1325 1634 1370 probationes
1660 1323 1832 1357 libertatis

215 1386 357 1432 ecclesiae
375 1383 580 1417 Gallicanae.
633 1384 685 1414 De
703 1382 744 1412 iis
771 1390 996 1420 conquerente
1023 1376 1144 1409 nuntio
1163 1373 1377 1416 apostolico,>
1399 1372 1508 1414 effecit.
1525 1369 1702 1404 cardinalis
1712 1371 1830 1405 Riche-

211 1435 302 1475 lius,
330 1444 366 1467 ut
390 1428 568 1465 sanffloris
590 1427 724 1462 concilii
742 1427 867 1471 placito
887 1435 1008 1459 eorum
1027 1420 1269 1456 commercium
1299 1419 1578 1459 interdiceretur,
1614 1430 1717 1462 utque
1741 1417 1830 1463 epis.

213 1486 294 1530 copi
311 1482 461 1517 Lutetiae
480 1479 639 1523 degentes
652 1502 659 1516 ,
687 1478 721 1510 in
739 1474 878 1509 aedibus
896 1467 1234 1507 sanstaeGenovefae
1251 1468 1465 1512 congregati,
1493 1467 1562 1501 duo
1574 1466 1637 1509 Villa
1655 1468 1830 1502 volumina

214 1533 309 1568 nulla
325 1526 490 1575 singulari
507 1525 746 1572 propositione
764 1534 879 1557 notata
895 1518 1161 1566 proscriberent,
1188 1526 1218 1549 et
1248 1513 1375 1548 litteras
1401 1515 1442 1549 ad
1471 1515 1622 1560 reliquos
1652 1516 1828 1562 episcopos

214 1595 251 1618 ea
269 1582 309 1616 de
325 1593 359 1614 re
370 1579 550 1613 mitterent.
602 1577 642 1608 ln
659 1575 708 1613 iis,
725 1571 906 1616 postquam
925 1565 1083 1613 pluribus
1101 1562 1328 1599 disseruerunt
1341 1563 1528 1610 praesules,
1557 1577 1718 1609 qnantum
1736 1565 1775 1600 lit
1792 1567 1828 1601 in

214 1633 258 1666 iis
276 1630 370 1663 libris
391 1624 587 1661 offensionis
603 1636 633 1656 et
649 1619 803 1667 periculi,
821 1618 966 1652 afferunt
985 1628 1021 1650 ea
1038 1615 1107 1649 duo
1124 1614 1301 1648 volumina
1320 1612 1378 1648 fibi
1398 1613 1466 1648 visa
1486 1612 1546 1648 esse
1568 1613 1734 1660 paffimiet
1747 1627 1835 1662 pene

214 1680 344 1723 ubique
360 1673 498 1711 vitiosa,
522 1673 693 1719 pler-iique
713 1671 746 1703 in
765 1669 848 1703 locis
866 1666 1046 1702 haeretica,
1073 1662 1276 1698 schismatica
1296 1674 1326 1697 et
1343 1664 1467 1708 impia,
1494 1663 1598 1698 verbo
1609 1665 1674 1699 Dei
1695 1676 1829 1699 contra-

188 1764 190 1767 ,
213 1730 283 1768 ria,
310 1728 345 1761 in
365 1723 574 1759 hierarchiae
594 1732 625 1755 et
643 1718 837 1763 disciplinae
855 1713 1100 1751 ecclefiastic.1e‚
1128 1711 1411 1747 sacramentorum
1431 1724 1467 1747 et.
1479 1712 1645 1748 sacrarum
1677 1713 1831 1749 observa-

212 1780 349 1813 tionum
368 1773 571 1821 perniciem,
597 1771 634 1805 in
653 1766 801 1804 santiam
819 1765 930 1801 ledem
945 1762 1181 1811 apostolicam,
1208 1773 1322 1806 regem
1342 1761 1509 1799 nostrum,
1549 1763 1706 1798 ordinem
1733 1763 1830 1799 eccle-

213 1826 403 1864 fiasticum,
433 1833 608 1864 tctamque
626 1817 793 1854 ecclesiam
819 1815 1029 1850 Gallicanam
1056 1809 1312 1847 contumeliosa.
1369 1813 1446 1845 Hae
1473 1811 1602 1846 litterae
1629 1812 1722 1846 datae
1748 1812 1830 1848 lunt

216 1877 350 1911 decimo
366 1870 479 1907 mense
495 1870 675 1904 Februarii
692 1879 782 1903 anno
804 1869 910 1910 1639.
938 1864 1078 1899 aderant
1092 1861 1172 1897 huic
1190 1861 1373 1896 conventui
1401 1873 1489 1895 unus
1512 1860 1690 1895 cardinalis
1720 1873 1751 1896 et
1774 1870 1831 1902 ις.

213 1921 461 1970 archiepiscopi
480 1919 546 1954 five
569 1917 730 1964 episcopi.

365 1975 475 2006 Porro
495 1969 719 2014 praecipuum
740 1975 842 2011 caput
862 1962 1005 1998 istorum
1023 1960 1191 1996 librorum
1213 1957 1278 1996 est,
1305 1955 1461 2004 pontifici
1479 1958 1612 1995 nullum
1641 1957 1704 1993 efle
1719 1958 1771 2004 jus
1791 1958 1828 1993 in

214 2021 414 2068 temporalia
432 2030 550 2064 regum
568 2018 745 2057 Franciae3
773 2014 916 2049 alterum
935 2024 1018 2049 vero
1033 2035 1043 2050 ‚
1071 2009 1163 2056 quod
1188 2006 1363 2055 pontificis
1389 2007 1533 2054 potestas
1560 2008 1598 2044 fit
1621 2007 1828 2045 moderanda

214 2075 307 2121 juxta
323 2081 467 2105 canones
486 2069 521 2101 in
539 2067 680 2101 Francia
698 2074 862 2109 receptos.

363 2117 582 2164 Respondeo‚
609 2128 650 2149 ne
666 2114 830 2163 judicium
848 2122 883 2147 et
901 2108 1020 2157 judicii
1037 2108 1251 2144 autoritatem
1271 2103 1473 2147 detrefflem,
1498 2103 1627 2140 fastum
1646 2105 1680 2139 id
1709 2104 1827 2147 fuisse,

216 2180 256 2207 ut
274 2168 367 2204 fieret
384 2168 460 2202 satis
479 2166 520 2201 ad
546 2166 657 2199 nuntii
675 2162 851 2210 apostolici
872 2159 1141 2206 querimoniam,
1169 2168 1200 2192 et
1227 2156 1414 2202 generatim
1443 2157 1489 2190 ita
1514 2153 1708 2200 proscripta
1732 2153 1828 2191 fuiffe

215 2221 297 2255 haee
316 2218 510 2253 volumina,
536 2228 605 2250 non
628 2214 672 2249 ob
701 2226 736 2247 ea
756 2213 826 2247 duo
847 2211 972 2257 capita,
1008 2220 1093 2254 quae
1120 2218 1365 2253 proponuntur
1386 2205 1420 2238 in
1447 2205 1488 2239 iis
1515 2204 1714 2248 prs-banda,
1742 2217 1828 2249 quae

216 2269 349 2316 semper
369 2267 511 2305 fuerunt
526 2266 563 2301 in
581 2264 693 2301 Gallia
710 2260 922 2311 approbata3
947 2257 1006 2295 scd
1022 2257 1066 2294 ob
1085 2255 1248 2293 liberiora
1275 2266 1307 2292 et
1335 2254 1474 2291 duriora
1501 2252 1632 2301 aliquot
1664 2254 1828 2289 recentio-

1695 2313 1777 2339 rum

1931 115 1940 188 -stuA
1935 88 1937 90 .
