2022 2733
293 185 799 226 msSERTATmNEs
831 180 1174 219 ffls’roRmAE.
1203 181 1405 217 nxssnn.
1433 180 1479 217 11.
1581 186 1649 223 ¹55

83 278 268 319 ordinarat,
289 275 387 313 fuisse
403 287 582 311 mortuum
596 299 604 315 ,
633 283 812 318 antequam
831 271 917 307 hane
934 269 1110 318 epistolam
1129 269 1285 305 scriberet
1300 266 1523 314 Augustinus.
1576 268 1621 302 At
1639 266 1698 303 {ub

83 328 266 366 coelestini
286 324 484 374 pontificatu
506 335 682 360 mortuum
700 320 776 369 post
791 317 918 357 fastam
933 321 975 356 ad
993 333 1070 356 eum
1089 320 1288 355 relationem
1306 320 1345 354 de
1364 318 1582 353 damnatione
1602 315 1689 362 ejus-

40 388 45 393 “
82 380 162 416 dem
182 379 326 415 Antonii
344 390 383 411 ex
401 373 582 421 Augustini
602 371 740 419 epistola
757 370 874 416 colligi
895 383 964 406 non
986 369 1104 417 potest.
1158 370 1235 406 Imo
1255 371 1301 410 is,
1322 369 1382 414 qui
1410 366 1450 401 de
1478 366 1698 401 damnatione

84 429 230 466 Antonii
246 426 379 473 scripsit
395 426 438 461 nd
460 423 707 462 Coelestimm,
734 420 871 456 videtur
885 417 985 455 fuisse
1002 420 1094 455 illius
1112 417 1289 455 successor.
1339 417 1439 453 Prior
1450 416 1698 463 eratSylvanue

85 476 320 517 Zummenlis,
348 473 520 524 posterior
537 472 796 509 Valentinianus
813 467 1021 505 Baianenfis,
1050 481 1160 513 porro
1177 467 1356 513 epistolam
1373 465 1435 500 effe
1454 463 1617 510 scriptam
1637 463 1697 499 sub

83 530 184 565 initia
202 525 386 564 Coelestini
402 525 538 561 constat.
589 522 726 558 Primo,
753 531 792 553 ex
809 519 870 553 hac
886 517 1111 563 gratulatione
1128 515 1328 561 Augustini,
1363 527 1429 558 qua
1454 513 1592 559 epistola
1617 514 1701 548 inci-

83 581 158 627 pit:
183 580 332 626 primum
346 576 618 624 gratulationem
638 568 743 605 reddo
761 570 892 603 meritis
909 568 978 602 tuis
991 590 1000 606 ‚
1022 565 1111 613 quod
1137 573 1172 599 te
1190 567 1228 599 in
1245 566 1304 598 illa
1323 564 1404 608 sede
1431 563 1580 597 dominus
1604 563 1698 601 Deus

81 628 189 675 noster
198 627 271 675 fine
287 627 376 662 ulla,
395 624 481 671 ficut
499 621 708 656 audivimus,
733 616 841 664 plebis
852 617 937 662 suae
954 614 1133 662 disciffione
1148 613 1327 659 constituit.
1380 613 1477 657 Quae
1505 612 1622 645 omnia
1645 610 1703 648 de»,

82 677 217 724 signant
234 673 464 711 Coelestinum
484 682 598 705 recens
619 667 792 709 evestum3
820 665 912 701 haud
933 665 1025 700 enim
1042 661 1222 699 verisimile
1240 661 1285 697 est
1303 660 1533 707 Augustinum
1550 660 1594 693 ita
1614 661 1699 694 Coe2

88 726 248 763 lestinum
266 723 509 759 adlocuturum
521 717 640 756 fuisse,
667 717 691 753 fi
703 717 763 752 diu
772 714 850 762 post
861 715 931 763 ejus
945 713 1200 749 ordinationem
1211 711 1253 747 ad
1264 724 1342 747 eum
1359 707 1553 757 scripsisset,
1580 720 1701 753 quam-

83 778 136 813 vis
155 776 269 824 prima
288 771 381 809 foret
398 771 499 819 hujus
529 769 573 805 ad
590 768 690 804 illum
707 764 857 814 epistola.
907 767 1002 802 Nam
1029 762 1271 810 gratulationes
1299 758 1469 810 ejusmodi
1495 771 1564 793 non
1591 756 1702 793 solent

83 826 160 862 fieri
187 823 249 860 nifi
277 823 383 870 paulo
409 819 487 868 post
513 819 773 855 ordinationem.
832 817 927 851 Nam
959 812 1035 861 post
1065 812 1208 859 aliquod
1243 823 1380 858 tempus
1404 808 1570 857 gratulari
1594 819 1700 854 opor·

82 887 128 913 tet
155 874 345 923 episcopis,
397 884 468 906 non
492 869 603 905 solum
632 868 675 903 de
700 866 934 902 ordinatione.
987 862 1042 898 sed
1068 864 1169 897 etiam
1204 862 1314 908 magis
1339 861 1382 896 de
1405 855 1701 894 administratione

82 924 295 961 ecclefiarum
329 922 475 957 suarum.
553 916 728 958 Secundo,
779 914 906 951 constat
949 925 1022 948 eam
1057 910 1120 947 effe
1153 910 1331 958 scriptam,
1365 919 1547 954 antequam
1581 905 1701 943 Africa

81 975 294 1011 divideretur
318 969 359 1007 ab
390 969 505 1011 ltalia,
554 980 620 1015 per
654 965 789 1006 turbas,
817 976 905 1010 quae
937 961 1013 1009 post
1039 962 1196 998 Honorii
1221 971 1371 996 mortem
1396 971 1487 999 anno
1513 955 1589 993 fere
1612 961 1700 1001 426.

86 1035 179 1060 conti
208 1031 319 1057 erunt:

183 1036 205 1070 g
234 1073 271 1106 T
273 1069 380 1106 ertio,
406 1065 547 1112 adparet
565 1074 638 1097 eam
661 1060 724 1096 effe
749 1060 909 1107 scriptam
929 1059 970 1094 ab
988 1057 1181 1104 Augustino
1205 1057 1317 1093 statim
1340 1055 1418 1102 post
1434 1066 1583 1092 mortem
1599 1055 1702 1092 Bonis

84 1119 177 1162 facii,
193 1130 373 1165 antequam
384 1113 593 1152 Caelestinus
613 1112 798 1157 quicquam
816 1108 976 1146 adversus
995 1105 1102 1143 Afros
1120 1105 1242 1154 egisset.
1295 1108 1420 1142 Monet
1437 1107 1530 1142 enim
1547 1118 1637 1144 eum.
1657 1116 1700 1140 ne

85 1171 167 1207 {inat
189 1171 372 1216 quicquam
399 1164 565 1200 violenter
588 1160 673 1196 fieri.

234 1214 404 1263 supponit
423 1213 525 1248 tertio
545 1213 662 1254 Lupus
681 1208 763 1242 haee
780 1205 898 1241 verba:
927 1214 1047 1240 extant
1071 1207 1141 1251 ejus
1168 1207 1221 1238 rei
1245 1206 1395 1249 exempla
1413 1204 1496 1249 sede
1521 1204 1698 1250 apostolica

77 1268 262 1317 judicante
279 1266 334 1300 vel
351 1265 492 1298 aliorum
502 1257 661 1306 judicata
673 1255 848 1298 firmante,
865 1265 950 1301 quae
966 1261 1005 1287 ut
1020 1265 1041 1287 a
1059 1252 1261 1298 temporibus
1269 1253 1388 1298 nostris
1404 1253 1614 1299 remotzffma
1633 1265 1700 1289 non

84 1321 275 1366 requiram,
305 1322 366 1349 etc.
395 1310 569 1358 pertinere
585 1305 626 1340 ad
643 1303 885 1351 adpellationes
902 1301 1059 1336 omnium
1077 1301 1220 1336 omnino
1239 1299 1470 1339 ecelesiarum,
1497 1313 1533 1334 ac
1551 1299 1700 1345 praeser-

83 1367 145 1403 tim
165 1362 355 1402 Africanae.
407 1362 538 1395 Verum
556 1355 673 1390 multis
692 1352 803 1389 modis
821 1351 957 1386 labitur.
1010 1349 1126 1385 Primo
1152 1350 1245 1384 enim
1271 1348 1311 1383 de
1335 1347 1622 1395 adpellationibus
1644 1350 1698 1384 in-

85 1415 193 1462 telligi
213 1427 280 1449 non
303 1411 440 1450 debent,
467 1406 524 1443 sed
543 1405 583 1440 de
599 1404 743 1452 judiciis,
762 1403 798 1438 in
821 1401 946 1447 quibus
965 1413 1003 1434 ex
1021 1412 1118 1446 parte
1143 1410 1274 1434 tantum
1301 1397 1510 1434 mulstantur
1537 1397 1701 1445 episcopi.

68 1464 256 1506 Secundo,
284 1461 383 1501 haee,
403 1458 484 1506 sede
508 1455 683 1502 apostoliea
702 1452 898 1499 judicante,
935 1450 1033 1485 aliter
1052 1461 1122 1484 non
1147 1447 1289 1495 possunt
1314 1446 1477 1494 intelligi,
1522 1459 1625 1492 quam
1654 1448 1697 1483 de

84 1514 254 1563 episcopis
272 1512 344 1560 ejus
361 1505 550 1552 metropoli
567 1499 735 1550 subjectis,
753 1511 810 1536 aut
826 1501 887 1545 qui
903 1498 1040 1546 seipsos
1057 1501 1229 1535 Romanae
1246 1497 1312 1533 sedi
1323 1497 1522 1545 judicandos
1532 1497 1699 1543 praebue-

86 1575 181 1606 rant,
206 1557 497 1598 consentientibus
513 1549 761 1588 accusatoribus
780 1561 811 1585 et
825 1548 1008 1596 judicibus.
1071 1549 1210 1585 Tertio.
1248 1547 1308 1582 ista
1334 1560 1415 1582 vero
1440 1549 1580 1582 aliorum
1596 1546 1698 1593 judi-

48 1621 51 1629 '
90 1624 164 1651 eata
175 1612 358 1656 firmante,
386 1607 520 1654 optime
538 1600 684 1647 intelligi
703 1597 839 1646 possunt
857 1597 897 1632 de
913 1597 1074 1633 consensu
1091 1610 1123 1634 et
1149 1596 1395 1644 adprobatione
1418 1597 1629 1643 judiciorum
1654 1595 1696 1630 ab

89 1662 165 1700 aliis
183 1657 350 1708 episcopis
366 1656 533 1694 latorum,
560 1663 628 1686 non
654 1649 696 1684 de
719 1648 861 1683 illorum
886 1646 1134 1684 retrastatione.
1188 1649 1340 1691 Quarto,
1373 1646 1548 1680 addiderat
1575 1644 1698 1689 aliquis

89 1711 319 1759 Augustinum
335 1704 503 1752 respicere
524 1701 567 1736 ad
585 1698 733 1735 ecclesias
757 1696 1022 1737 suburbicarias,
1057 1709 1095 1732 ae
1119 1695 1258 1731 fortasse
1284 1697 1385 1731 etiam
1402 1694 1445 1730 ad
1465 1694 1696 1743 Illyricianae,

89 1760 132 1797 ad
149 1771 231 1806 quas
248 1755 495 1806 patriarchatus
510 1750 656 1787 Romani
672 1747 794 1783 limites
813 1744 1098 1786 extendebantur,
1127 1746 1286 1780 exclamat
1304 1745 1347 1780 ad
1367 1745 1449 1779 haec
1466 1747 1585 1790 Lupus
1601 1755 1699 1789 prae·

87 1811 320 1846 varicator-um
339 1806 432 1841 hunc
449 1800 511 1838 effe
525 1812 557 1835 et
573 1798 781 1835 Eusebianae
796 1793 956 1831 fastionis
973 1794 1151 1830 Michaelis
1171 1795 1338 1830 Cernlarii
1353 1805 1390 1828 ac
1407 1793 1520 1828 Photii
1546 1804 1698 1830 errorem

86 1857 332 1896 transcendere.
384 1856 515 1890 Verum
530 1862 568 1885 ut
585 1847 804 1887 ostendimus,
823 1844 938 1881 nullus
955 1844 1009 1879 hic
1033 1855 1130 1879 error
1147 1842 1213 1885 est;
1241 1842 1295 1878 sed
1319 1845 1477 1887 antiquae
1502 1841 1700 1888 disciplinae

88 1910 236 1958 genuina
250 1902 428 1953 expofiti0.
478 1901 634 1945 Denique
651 1899 687 1932 in
704 1897 826 1932 ultimo
844 1895 971 1941 capite,
996 1894 1032 1928 in
1053 1906 1123 1938 quo
1143 1903 1240 1928 notas
1259 1893 1300 1927 ad
1318 1892 1405 1927 hanc
1423 1891 1604 1938 Augustini
1623 1893 1699 1938 epi-

90 1958 209 1997 stolam
226 1954 419 1994 noviffimas
436 1964 455 1987 a
473 1948 583 1985 doffls
599 1946 789 1983 editoribus
808 1943 990 1991 Augustini
1007 1954 1152 1990 operum
1171 1940 1376 1988 compositas
1393 1941 1550 1976 vellicare
1574 1938 1700 1977 frustra

92 2020 254 2048 conatur,
279 2002 454 2041 contendit
470 1999 662 2036 Antonium
678 1993 901 2033 Fussalensem
921 2006 990 2029 non
1008 1993 1102 2028 omni
1126 1990 1417 2027 administratione
1444 1989 1519 2026 suae
1545 1991 1698 2026 ecclesiae

91 2058 152 2094 effe
169 2057 373 2105 spoliatum3
400 2050 456 2087 sed
471 2060 603 2085 tantum
622 2047 730 2094 partis
748 2045 902 2092 alicujus.
955 2046 1000 2078 At
1014 2043 1221 2078 contrarium
1237 2038 1362 2076 constat
1385 2052 1424 2075 ex
1446 2040 1508 2075 hae
1538 2040 1698 2087 epistola.

91 2121 168 2144 nam
186 2119 282 2143 num.
302 2104 390 2147 4.ait
407 2098 619 2146 Augustinus
638 2092 750 2143 ipsum
767 2097 802 2130 in
814 2093 963 2139 regionis
981 2092 1082 2130 illius,
1102 2092 1156 2125 cui
1175 2101 1338 2138 praeerat,
1356 2090 1514 2125 homines
1523 2091 1594 2125 vim
1605 2102 1637 2125 et
1648 2102 1701 2125 ra-

91 2157 187 2204 pinas
207 2151 397 2192 exercuisse.
447 2147 580 2186 Deinde
597 2159 692 2181 num.
717 2157 745 2189 5,
764 2145 828 2185 ait,
856 2145 1023 2182 honorem,
1049 2143 1178 2187 itaque,
1205 2143 1376 2188 integrum
1384 2141 1597 2184 servavimus
1599 2141 1701 2185 juve-

92 2207 132 2240 πί
148 2204 364 2254 corrigendO,
386 2200 449 2246 sed
464 2196 680 2244 corripiendo
696 2197 872 2230 minuimus
888 2191 1100 2239 potestatem,
1133 2201 1175 2226 ne
1193 2191 1319 2235 scilicet
1343 2191 1390 2224 eis
1413 2189 1583 2236 praeeffet
1609 2190 1700 2223 ulte-

90 2256 184 2293 rim,
209 2267 276 2288 cum
294 2252 412 2301 quibus
421 2249 466 2297 fic
482 2256 620 2298 egerat,
647 2254 684 2280 ut
701 2245 811 2280 dolore
820 2242 907 2291 julio
922 2254 992 2276 eum
1003 2241 1068 2289 sthi
1118 2240 1251 2287 raeeffe‘
1266 2240 1394 2275 omnino
1405 2232 1510 2284 ferre
1538 2249 1603 2273 non
1628 2238 1701 2283 P⁰J²

86 2303 176 2352 sent:
222 2304 316 2349 Ergo
334 2301 449 2338 honor
468 2308 603 2335 tantum
619 2293 833 2344 episcopatus
849 2294 878 2328 ei
894 2291 1043 2378 {eJrvatus
1061 2253 1114 2327 eil7
1123 2300 1158 2336 et
1174 2290 1289 2327 omnis
1314 2286 1563 2326 administratio
1581 2285 1701 2324 ablata.

959 2352 977 2375 2
1549 2335 1655 2374 Unde
