1992 2739
326 214 375 245 ῳ
542 202 614 236 Dr
640 199 915 245 ANTIQVVA
939 198 1250 236 ECCLESIAE‘
1269 199 1601 237 DiscierA

274 301 356 325 num
377 290 564 335 imperium
581 300 602 322 a
618 286 689 323 suis
702 288 904 334 regebantur
922 286 1151 324 sacerdotibus
1161 313 1175 329 ‚,
1197 287 1366 325 exnullius
1381 300 1402 324 e
1413 289 1564 336 quinque
1581 287 1688 325 mocio
1703 298 1875 324 memora·

274 351 318 373 ris
337 338 539 387 patriarchis
558 336 713 384 potestati
738 337 981 386 iubdebantur..

988 485 1015 527 §,
1065 486 1158 520 XII.

643 572 701 610 De
720 572 857 623 juribus
883 578 914 609 et
930 574 1123 624 privilegiis
1153 573 1499 623 metropolitanorum.

275 664 481 760 Pflimatls
505 673 565 710 seu*
580 674 842 720 metropolitani
856 675 935 722 jum
948 688 980 712 et
998 676 1180 723 privilegia
1198 674 1342 721 duplicis
1362 674 1435 710 sum
1454 672 1602 720 generis3
1635 672 1696 707 alia
1725 671 1799 707 sunt
1817 670 1878 707 ho-

373 726 486 765 noris,
513 726 579 759 alia
595 723 788 770 potestati5‚
816 735 913 770 atque
937 725 1205 773 jurisdistionis,
1242 736 1278 759 ut
1303 737 1339 758 ex
1367 722 1465 758 distis
1492 721 1589 758 facile
1614 722 1731 767 colligi
1756 719 1877 768 potest.

276 775 381 820 Quod
400 773 526 820 spestat
543 774 742 809 adhonoris
760 776 953 820 primatum>
968 775 1024 813 seu
1044 775 1308 821 πρωτοκαθεδρίαν,
1338 787 1391 808 res
1412 774 1533 808 clarior
1554 771 1617 813 est,
1647 784 1746 816 quam
1774 782 1812 804 ut
1830 769 1881 804 ul·

274 826 304 860 la
322 825 543 870 explica-tione
561 824 725 869 indigeat..
770 826 822 859 De
841 824 1004 870 potesta-te
1021 837 1057 861 ac
1076 823 1311 872 jurisdistione
1329 824 1438 868 magis
1459 821 1681 857 laborandum
1699 819 1754 855 est.
1785 821 1880 862 Haec

273 886 387 909 autem
408 874 442 908 in
461 873 571 908 tribus
588 873 768 919 praecipue
787 873 947 911 confistit„
995 877 1111 911 Primo
1130 875 1163 909 in
1183 874 1258 920 jure
1284 873 1513 908 ordinationis
1531 870 1773 917 episcoporum
1798 880 1880 915 pro·

272 925 412 958 vinciae.
469 935 500 956 2.
529 925 568 957 In
588 921 747 963 facultate
772 924 981 960 convocandi
1006 924 1140 960 concilii
1172 924 1381 968 provinciae.
1441 934 1469 966 3.
1499 923 1539 955 In
1565 916 1885 967 superinspefflone

273 973 377 1018 super
394 972 585 1011 universam
601 972 835 1017 provinciam,
863 984 899 1006 ut
919 972 1001 1007 fides
1021 984 1052 1007 et
1073 972 1250 1017 disciplina
1279 973 1364 1006 inea
1394 970 1554 1006 servetur.

423 1022 576 1055 Primum
600 1021 859 1064 metropolitani
883 1021 935 1066 jus
961 1022 1067 1065 idque
1091 1019 1356 1064 antiquiffimum
1385 1019 1447 1060 est,
1494 1018 1676 1055 ordinandi
1702 1014 1880 1062 episcopos

272 1072 480 1117 provinciae.
536 1071 615 1103 Hoc
632 1079 744 1103 autem
761 1067 801 1102 sic
819 1066 891 1102 fieri
918 1069 1055 1104 solebat.
1108 1069 1228 1104 Clerus
1258 1080 1288 1103 et
1311 1069 1466 1114 populus
1486 1068 1597 1108 urbis,
1632 1066 1728 1112 cujus
1752 1063 1881 1110 episco-

272 1133 338 1166 pus
360 1119 464 1153 modo
482 1115 663 1152 defunfikus
685 1127 770 1154 erat,
799 1116 997 1164 episcopum
1019 1117 1204 1163 eligebant,
1242 1128 1279 1152 ut
1296 1118 1491 1152 innumeris.
1511 1115 1715 1152 testimoniis
1739 1112 1883 1161 probari

272 1168 402 1216 poss‘et3
429 1169 514 1213 quia
530 1179 614 1202 vero
636 1165 711 1201 fieri
729 1178 798 1201 non
817 1178 970 1212 poterat,
996 1179 1034 1202 ut
1053 1168 1088 1201 in
1108 1167 1265 1212 eligendo
1276 1179 1342 1202 non
1354 1179 1477 1212 parurn
1495 1177 1665 1206 errarent,
1692 1164 1883 1208 hominem-

274 1231 341 1263 que
358 1215 744 1260 sacerdotioindignum
756 1240 764 1254 ,
792 1216 835 1249 ad
852 1226 977 1250 tantam
996 1216 1198 1260 dignitatem
1218 1227 1480 1259 promoverent:
1508 1213 1686 1249 elestiones
1702 1213 1742 1255 ab
1753 1211 1883 1258 episco-

271 1270 326 1314 pis
345 1263 602 1301 ordinatoribus
622 1263 859 1297 examinandae
878 1275 909 1297 et
928 1262 1151 1298 discutiendae
1169 1274 1272 1297 erant.
1328 1265 1503 1306 Quoniam
1523 1275 1605 1298 vero
1628 1273 1749 1307 magna
1772 1257 1884 1295 fuisset

275 1328 350 1352 orta
365 1314 482 1353 turba,
509 1311 532 1346 fi
550 1312 656 1346 cuivis
674 1310 789 1356 paffim
808 1312 965 1358 episcopo
981 1310 1123 1348 licuisset
1143 1311 1339 1358 episcopum
1365 1311 1541 1352 ordinare,
1575 1312 1735 1347 statutum
1754 1308 1814 1349 est,
1844 1321 1882 1344 ut

275 1363 429 1411 episcopi
450 1359 569 1396 eleffio
591 1359 849 1396 confirmaretur
869 1361 908 1396 ab
927 1361 1098 1408 episcopis
1119 1363 1335 1407 provinciae,
1387 1361 1593 1408 praesertim.
1613 1373 1696 1397 vero
1722 1372 1743 1394 a
1757 1369 1882 1394 metro-

273 1414 437 1462 politano.

424 1459 498 1495 Ubi
515 1470 626 1495 autem
643 1458 699 1493 ille
718 1455 917 1494 elestionem
935 1456 1118 1492 secundum
1138 1468 1282 1491 canones
1307 1456 1428 1493 faaam
1456 1460 1668 1505 dignumque
1693 1458 1881 1496 sacerdotio

276 1510 422 1548 elegiam
441 1508 500 1544 eise
519 1508 746 1545 intellexerat,
773 1506 873 1542 fimul
894 1518 971 1541 eum
990 1505 1155 1553 episcopis
1174 1507 1375 1552 provinciae
1402 1507 1499 1543 illum
1526 1508 1711 1544 ordinabat.
1767 1511 1882 1545 Caete-

273 1574 352 1598 rum
373 1557 561 1596 circa-istud
583 1555 839 1603 metropolitani
855 1557 908 1604 ‘Jus
925 1558 1072 1591 maxime
1088 1556 1332 1591 advertendum
1353 1555 1415 1597 est,
1451 1557 1534 1592 illud
1553 1558 1619 1604 ipfi
1641 1571 1718 1594 cum
1745 1558 1880 1594 caeteris

274 1610 445 1658 episcopis
459 1606 559 1643 fuisse
581 1606 840 1652 quodammodo
859 1619 1057 1643 commune,
1084 1617 1145 1639 nec
1165 1606 1255 1640 enim
1276 1605 1368 1641 illius
1385 1618 1455 1641 erat
1474 1606 1575 1641 solius
1601 1618 1658 1642 aut
1681 1605 1880 1644 cleEtionem

277 1661 520 1707 episcoporum
541 1657 749 1697 examinare,
775 1666 837 1691 aut
850 1655 939 1702 ipsos
960 1654 1075 1702 postea
1092 1655 1269 1695 ordinare,
1297 1654 1352 1690 sed
1371 1657 1527 1691 omnium
1547 1656 1881 1703 provinciaeepiscm

275 1722 414 1757 porum.
467 1710 597 1742 Verum
618 1707 696 1751 quia
712 1718 830 1741 omnes
847 1705 946 1741 simul
962 1704 1070 1740 adesse
1088 1716 1118 1740 et
1139 1705 1322 1740 convenire
1346 1705 1436 1741 haud
1460 1707 1506 1740 ita
1531 1704 1628 1741 facile
1656 1718 1746 1748 erat,
1781 1706 1882 1743 alicui

276 1759 431 1806 ipsorum
449 1756 558 1803 major
575 1755 683 1790 danda
698 1753 766 1790 fuit
785 1752 988 1793 austoritas,
1016 1754 1110 1802 cujus
1128 1754 1314 1801 praesentia
1332 1753 1425 1790 foret
1440 1755 1482 1790 ad
1500 1755 1749 1792 ordinationem
1769 1755 1882 1794 neces-

275 1809 378 1846 saria,
405 1806 470 1840 fine
488 1818 558 1851 quo
578 1818 678 1841 nemo
693 1803 804 1851 posset
821 1804 1022 1851 episcopum
1039 1804 1215 1841 ordinare,
1241 1803 1362 1848 cuique
1377 1803 1518 1839 firmitas
1531 1818 1664 1847 eorum,
1687 1819 1772 1850 quae
1789 1818 1883 1852 gere-

276 1869 405 1895 rentur,
422 1857 565 1891 maxime
575 1854 781 1890 tribueretur
791 1881 799 1896 ‚
826 1855 912 1890 hanc
927 1853 1026 1890 fuiffe
1041 1853 1298 1900 metropolitani
1314 1855 1348 1889 in
1361 1855 1634 1891 ordinationibus
1643 1854 1890 1892 austeri-tatem

275 1906 403 1944 constat
420 1919 456 1940 ex
476 1906 665 1940 innumeris
681 1917 766 1950 pene
780 1903 967 1940 canonibus
991 1914 1023 1938 et
1047 1901 1255 1938 testimoniis.

426 1955 620 1989 Concilium
638 1956 830 1989 Nicaenum
849 1966 976 1988 canone
991 1965 1024 1996 4.
1055 1955 1241 2000 episcopum
1259 1953 1415 1986 convenit·
1431 1955 1577 1988 maxime·
1595 1953 1727 2001 quidem
1750 1954 1791 1990 ab
1815 1967 1889 1990 om·

277 2005 393 2045 nibus,
424 2005 574 2051 quisunt
592 2006 629 2038 in
649 2006 826 2049 provincia
845 2004 1005 2050 episcopis-
1022 2003 1195 2039 ordinari,
1216 2001 1243 2047 fi
1262 2010 1372 2036 autem
1387 2001 1442 2036 lzoc
1448 2002 1494 2048 fit
1512 2002 1664 2047 difficile,
1690 2012 1752 2039 aut
1776 2016 1879 2052 prop,

277 2065 333 2091 ην
349 2062 524 2102 urgentem
545 2052 779 2099 ‘neceffitatem‚
807 2062 866 2087 aut
883 2062 1030 2100 propter
1047 2054 1180 2087 itineris
1189 2050 1442 2099 longitudinem,
1460 2052 1569 2087 tribus
1588 2056 1717 2089 omnino
1735 2053 1883 2089 eumdem

277 2108 316 2140 in
335 2106 435 2140 locum
453 2100 728 2136 convenientibus
746 2111 778 2136 et
795 2101 979 2146 absentibus
1006 2113 1132 2149 quoque
1142 2100 1350 2148 suffragium
1366 2101 1564 2146 ferentibus
1581 2103 1784 2150 scriptisque
1808 2115 1881 2137 con-

275 2150 496 2197 sentientibus
513 2160 592 2186 tunc
610 2149 796 2186 elec‘lionom
807 2150 900 2193 fieri.
953 2151 1077 2186 Eorum
1091 2158 1212 2189 autem,
1227 2161 1310 2196 quae
1322 2148 1414 2191 fiunt
1427 2153 1464 2185 in
1480 2163 1678 2197 unaquaque
1691 2153 1882 2200 provincia,

274 2202 422 2243 firmitas
438 2201 471 2235 τὸ
487 2202 566 2240 κῦρος
583 2201 839 2246 metropolitano
857 2199 1034 2236 tribuatur
1053 2200 1215 2245 episcopo:
1244 2209 1275 2232 et
1301 2210 1425 2232 canone
1452 2203 1484 2233 6.
1537 2200 1629 2234 Illud
1649 2211 1758 2236 autem
1774 2213 1880 2250 gene-

275 2254 400 2288 raliter
416 2251 540 2286 alanum
556 2249 617 2296 est,
643 2249 770 2297 quodsi.
794 2252 865 2298 quis
889 2259 1030 2296 praeter
1053 2250 1303 2296 metropolitani
1325 2246 1535 2294 sententiani
1556 2251 1672 2295 fuerit
1698 2250 1885 2290 ordinatur

1746 2303 1830 2349 ‘’pis-
