2023 2760
392 202 906 251 DlSSERTATION—ES
950 209 1315 248 HISTORICAE..
1603 214 1643 256 65

779 294 805 335 §.
843 294 1010 332 Ultimus,

69 375 199 416 Sextus
224 387 331 415 canon
358 379 485 418 concilii
511 381 659 420 Nicaeni
673 383 874 430 exponitur,
903 390 933 420 et
949 385 1206 432 provinciarum
1225 388 1540 438 suburbicariarum
1575 390 1696 429 limite:

764 448 988 495 inquiruntur.

70 527 308 628 Quoniam
337 543 377 578 ad
405 544 562 590 praesens
590 545 779 582 institutum
808 545 970 591 inprimis
1007 545 1133 593 speQat
1172 549 1284 584 sextus
1314 564 1423 587 canon
1463 556 1598 590 concilii
1629 557 1696 592 Ni-

193 593 302 633 caeni,
331 605 401 640 quo
430 596 656 639 quarumdam
684 594 894 630 ecclesiarum
923 594 1028 642 supra
1047 599 1279 646 caeterasjura
1299 612 1330 635 et
1351 603 1532 649 privilegia
1559 603 1695 640 firman-

71 652 143 677 tur:
173 640 248 677 ideo
268 654 339 683 nos,
361 653 542 688 antequam
559 645 638 680 hnic
665 644 887 681 dissertationi
915 643 1020 681 finem
1037 649 1277 693 imponamus,
1313 653 1503 696 genuinum
1531 654 1600 700 ejus
1629 654 1698 689 sen·

70 691 164 732 sum,
195 693 252 735 qui
271 691 389 726 multis
418 693 707 740 disputationibus
734 693 911 730 involutus
942 694 1003 736 est,
1042 696 1333 743 investigabimus.
1388 705 1435 737 Ae
1461 704 1613 747 primum
1640 716 1696 739 ex-

69 740 232 788 scripturi
252 739 366 776 sumus
383 754 547 779 canonem
567 757 604 779 ex
621 744 774 780 versione
793 742 949 792 Dionysii
976 746 1119 792 Exigui,
1149 760 1234 792 quae
1262 750 1418 786 omnium
1447 752 1582 787 videtur
1608 755 1697 799 opti-

68 801 134 826 ma.
187 792 340 839 Antiqua
356 793 552 838 confitetudo
562 796 726 840 servetur
740 806 804 841 per
821 795 1032 843 AEgyptum,
1060 796 1203 845 Libyam
1227 807 1260 833 et
1279 800 1486 847 Pentapolim
1503 827 1511 842 ,
1538 811 1577 837 ut
1594 804 1697 838 Alex-

70 840 235 876 andrinus
253 843 417 888 episcopus
432 843 550 878 horum
569 847 710 879 omnium
727 843 848 879 habeat
865 844 1082 891 potestatem5
1117 850 1197 895 quia
1231 857 1265 883 et
1289 848 1383 884 urbis
1405 851 1529 885 Romae
1551 854 1696 898 episcopo

67 891 193 938 parilis
209 902 273 924 mos
301 890 353 936 est.
405 892 577 928 Similiter
604 903 714 930 autem
739 903 774 929 et
797 893 892 939 apud
914 895 1129 930 Antiochiam
1155 899 1364 945 caeterasque
1386 903 1601 946 provincias,
1624 903 1698 947 fiiis

67 941 263 987 privilegia
276 942 461 984 serventur
479 942 621 990 ecclefiis.
648 942 741 978 Illud
766 952 878 977 autem
906 945 1114 989 generaliter
1142 947 1266 981 clarum
1295 948 1354 992 est,
1382 949 1469 996 quod
1479 949 1582 997 siquis
1597 963 1698 996 pratu

70 998 126 1024 ter
146 990 398 1037 metropolitani
423 993 625 1032 sententiam
643 994 765 1038 fuerit
784 993 902 1038 saisias
928 994 1114 1039 episcopus,
1141 997 1227 1030 hunc
1253 1008 1377 1045 magna
1406 1000 1551 1045 synodus
1577 999 1696 1040 defini-

70 1040 127 1072 vit
152 1039 335 1084 eptfiopum
364 1038 429 1083 effe
456 1051 522 1073 non
547 1050 712 1086 oportere.

220 1086 333 1130 Prima
348 1088 435 1121 circa
452 1086 554 1134 hujus
575 1090 714 1122 canonis
735 1086 864 1122 sensum
882 1087 1031 1133 quaestio
1057 1087 1120 1129 est,
1155 1101 1272 1126 utrum
1295 1092 1371 1139 jura
1397 1093 1453 1128 illa
1478 1093 1532 1131 seu
1551 1096 1694 1142 privile.

71 1135 128 1181 gia
144 1136 335 1175 Romanae,
365 1135 630 1178 Alexandrinae,
662 1139 916 1172 et'caeterarum
936 1136 1162 1179 ecclesiarum,
1191 1141 1232 1175 de
1254 1141 1379 1186 quibus
1404 1141 1562 1187 loquitur
1582 1149 1693 1183 conci·

71 1184 177 1224 lium,
200 1183 438 1228 patriarchalia
455 1184 536 1224 sint,
563 1198 604 1219 an
623 1186 888 1231 metropolitica.
941 1184 1109 1220 Posterius
1132 1186 1222 1223 istud
1241 1191 1276 1223 in
1297 1189 1524 1227 dissertatione
1549 1207 1585 1228 ea
1599 1195 1638 1230 de
1658 1208 1695 1232 re

70 1229 226 1269 eonfesta
243 1230 392 1277 probare
416 1230 543 1266 studuit
566 1234 740 1266 Launoius
766 1232 956 1266 Parifienfis
982 1233 1174 1278 theologus.
1227 1238 1293 1270 Sed
1325 1237 1409 1272 hanc
1430 1240 1696 1281 dissertationem

74 1279 224 1319 refutare
245 1290 385 1316 conatus
401 1279 446 1314 est
461 1279 631 1321 Valesius,
661 1281 695 1315 in
717 1279 778 1315 alia
797 1278 1039 1321 dissertatione,
1061 1294 1164 1325 quarn
1183 1282 1223 1316 ad
1244 1284 1364 1318 calcem
1382 1287 1527 1322 Socratis
1546 1301 1577 1324 et
1594 1293 1697 1328 Sozo-

73 1331 167 1367 meni
191 1329 350 1370 inseruit,
385 1331 593 1366 contendens
613 1331 653 1365 de
671 1331 745 1378 jure
763 1330 991 1376 patriarchico
1013 1331 1068 1364 hic
1092 1332 1156 1377 agi.
1210 1335 1289 1367 Nos
1316 1333 1493 1379 utriusque
1521 1340 1696 1382 opinionis

72 1379 292 1417 fundamenta
312 1378 515 1420 referemus,
543 1379 778 1427 praetermissis
796 1379 872 1420 illis,
892 1392 977 1424 quae
996 1379 1036 1414 ad
1058 1380 1286 1425 quaestionem
1299 1381 1393 1418 istam
1412 1383 1606 1422 solvendam
1627 1402 1697 1426 non

72 1427 268 1478 pertinent,-
293 1429 376 1476 quid
398 1431 434 1464 in
452 1441 595 1475 utraque
613 1431 780 1476 opinione
796 1430 871 1464 vitii
889 1429 1064 1469 videatur,
1092 1429 1293 1467 docebimus
1308 1444 1316 1476 3
1342 1445 1379 1468 ac
1393 1433 1531 1471 demum
1544 1436 1696 1478 nostram

75 1480 321 1528 expofitione‘m
339 1490 492 1525 apertam
505 1506 512 1520 ,
542 1491 579 1515 ut
598 1491 684 1525 puto
696 1503 705 1516 ,
732 1491 768 1514 ac
785 1478 923 1524 planam
942 1478 1168 1525 subjiciemus,

225 1529 399 1564 Launoius
418 1529 540 1570 censet,
559 1529 649 1563 hunc
660 1539 823 1563 canonem
841 1529 972 1563 editum
989 1526 1052 1563 effe
1063 1530 1237 1565 occasione
1255 1529 1436 1568 schismatis
1448 1534 1589 1574 Melini,
1602 1539 1696 1583 quod

73 1580 130 1618 ille
147 1592 208 1627 per
228 1578 373 1625 singulas
392 1574 589 1625 provincias
614 1576 811 1624 episcopos,
848 1577 1067 1626 presbyteros
1100 1591 1132 1614 et
1162 1580 1321 1616 diaconos
1355 1582 1561 1619 constituere
1593 1587 1696 1624 ausus

74 1631 200 1668 fuerit:
229 1641 308 1664 cum
326 1638 422 1663 antea
440 1625 650 1662 consuetudo
670 1625 746 1661 esset
759 1653 766 1667 ,
793 1637 831 1661 ut
847 1626 886 1660 ab
905 1626 1064 1673 episcopo
1082 1629 1312 1665 Alexandrino
1332 1631 1581 1669 ordinarentur.
1611 1639 1698 1674 Vult

75 1680 183 1727 igitur
200 1678 266 1713 hoc
282 1670 409 1720 canone
431 1678 611 1723 antiquum
637 1676 720 1712 illud
749 1675 975 1711 ordinationis
999 1689 1063 1723 per
1091 1690 1194 1714 totam
1225 1682 1438 1728 AEgyptum‚
1471 1683 1634 1732 Libyam,
1664 1698 1696 1724 et

76 1727 308 1774 Pentapolim,
335 1727 386 1773 jus
403 1726 632 1762 Alexandrino
651 1725 811 1772 episcopo
833 1725 1008 1760 vindicari.
1061 1730 1112 1762 Ita
1135 1739 1172 1763 ut
1195 1728 1251 1763 ille
1270 1742 1378 1765 canon
1403 1731 1442 1766 sit
1458 1731 1564 1768 veluti
1582 1748 1698 1783 excep.

76 1781 125 1816 tio
143 1777 271 1823 quarti,
299 1776 333 1809 in
360 1788 429 1820 quo
457 1774 629 1817 statuitur,
673 1786 712 1812 ut
737 1774 944 1818 confirmatio
979 1786 1108 1815 eorum,
1128 1790 1213 1827 quae
1236 1782 1271 1814 in
1294 1783 1475 1827 provincia
1500 1794 1696 1831 geruntur,

74 1827 330 1874 metropolitano
357 1823 537 1861 tribuatur
556 1828 714 1873 epifi-opt).

226 1878 345 1920 Itaque
363 1876 502 1910 canonis
521 1874 622 1923 hujus
640 1889 678 1911 ex
694 1875 848 1911 Launoio
866 1873 919 1909 hic
937 1873 1050 1910 sensus
1078 1873 1143 1916 est,
1182 1877 1308 1914 etiamsi
1336 1879 1371 1913 in
1396 1878 1568 1926 plerisque
1594 1886 1697 1921 eccle.

35 1928 134 1965 ¹t-fiis
152 1925 324 1963 ordinatio
346 1922 590 1970 episcoporum
609 1925 780 1961 censeatur
797 1923 857 1959 esse
878 1925 1047 1969 legitima,
1076 1936 1153 1960 cum
1182 1938 1200 1960 a
1227 1928 1336 1963 tribus
1363 1927 1532 1975 episcopis
1555 1937 1698 1978 provin-

77 1979 164 2017 ciae,
202 1972 487 2010 consentientibus
514 1977 651 2010 caeteris
678 1974 825 2022 ejusdem
858 1976 1075 2019 provinciae,
1113 1985 1145 2008 et
1176 1975 1398 2012 confirmante
1428 1983 1696 2028 metropolitano

77 2026 168 2064 &Eia
186 2023 248 2059 est:
278 2034 425 2058 attamen
444 2036 562 2059 omnes
582 2037 612 2060 et
630 2025 780 2071 singulae
799 2023 1029 2059 ordinationes
1048 2025 1084 2058 in
1103 2026 1279 2073 AEgypto,
1307 2026 1433 2076 Libya,
1461 2039 1492 2063 et
1506 2032 1696 2080 Pentapoli.

77 2074 300 2125 pertinebunt
328 2072 370 2107 ad
396 2073 664 2111 Alexandrinum
692 2073 1022 2120 metropolitanum3
1059 2073 1142 2108 ficut
1169 2075 1400 2111 ordinationes
1436 2081 1697 2124 provinciarum

78 2124 388 2163 suburbicariarum
407 2123 448 2157 ad
466 2125 682 2162 Romanunm·
710 2126 790 2170 quia
807 2124 964 2168 antiquus
983 2135 1059 2159 mos
1083 2124 1127 2158 ita
1146 2124 1310 2160 obtinuit:
1338 2125 1492 2162 similiter
1515 2131 1608 2176 apud
1626 2137 1696 2167 An.

79 2175 260 2214 tiochiam,
289 2171 499 2217 caeterasque
527 2175 743 2220 provincias,
771 2175 800 2209 is
816 2174 1116 2221 metropolitanus,
1136 2174 1194 2221 qui
1211 2174 1380 2213 consuevit
1402 2178 1589 2226 antiquitus
1608 2181 1697 2230 epis-

80 2236 188 2273 copos
205 2225 242 2263 in
259 2221 401 2261 ecclesiis
421 2221 590 2266 ordinare,
608 2223 668 2262 suo
684 2223 759 2274 jure
774 2221 919 2261 fruetur.

832 2314 850 2352 1
1554 2320 1649 2358 Haec
