2022 2733
360 190 872 232 DISSERTATtoNEs
906 195 1255 237 rust-omem.
1283 198 1443 241 nunu.
1470 201 1550 242 vn.
1653 208 1727 253 ης-

161 294 226 325 tue,
244 283 444 331 imperatori
459 282 573 333 jussus,
583 294 616 319 et
635 283 737 320 militi
751 296 872 320 manus
889 283 955 321 five
969 284 1177 332 exsequutio.
1228 289 1341 337 Igitur
1357 302 1421 339 per
1436 302 1561 329 nutum
1580 303 1650 329 non
1672 295 1774 332 intel.

160 333 237 379 ligit
255 334 447 370 Rerum-dus
465 334 670 381 imperium,
697 334 792 379 quod
813 335 887 370 vult
905 334 968 371 effe
989 338 1226 383 imperatoris,
1251 339 1309 377 sed
1331 351 1465 377 tantum
1488 342 1686 387 consilium,
1713 346 1773 381 ad-

157 385 390 420 monitionem
407 394 440 420 et
458 385 746 421 exhortationem:
774 384 926 430 gladium
951 398 1064 423 autem
1082 387 1163 425 dicit
1189 389 1254 426 elle
1278 391 1454 438 pontificis
1473 403 1505 428 et
1529 393 1701 436 eeclesiae,
1729 407 1774 431 eo

156 433 253 478 quod
269 433 388 471 debeat
410 447 478 482 pro
502 433 697 471 ecclefia‘ad
723 444 849 470 nutum
873 436 1050 482 pontificis
1069 448 1101 473 et
1121 438 1343 488 imperatoris
1359 440 1482 490 jussum
1500 444 1601 480 exeri.
1654 444 1774 481 Enim.

154 495 239 519 vero
255 495 414 531 tempore
432 484 597 522 Bernardi
614 485 694 519 haec
709 483 919 521 consuetudo
944 487 1148 527 invaluerat,
1175 500 1215 525 ut
1231 490 1457 537 imperatores
1476 503 1508 527 et
1533 504 1628 539 reges
1654 494 1696 528 ad
1722 506 1772 529 re-

155 534 389 580 cuperandnm
407 544 534 570 terram
552 533 700 570 sane‘cam
718 533 759 568 ad
783 546 904 570 nutum
920 536 1067 571 Romani
1086 537 1260 583 pontificis
1279 541 1396 586 copias
1421 552 1581 587 cogerent
1603 543 1706 586 at'que
1727 543 1771 579 ad

154 583 282 620 bellum
297 583 427 621 sactum
442 582 752 631 proficiscerentur.
791 584 1007 629 Hujusmodi
1026 587 1286 630 expeditionum
1303 601 1447 635 magnus
1464 589 1680 636 praedicator
1696 589 1767 628 fuit

153 632 227 679 ipse
245 633 459 675 Bernartius,
487 643 521 668 et
538 633 605 668 huc
621 628 769 677 spestat‚
794 643 873 667 cum
893 633 958 674 ait,
986 633 1141 678 gladium
1159 637 1370 674 materialem
1387 637 1430 673 ad
1446 636 1647 685 pontificem
1665 651 1697 677 et
1715 653 1770 677 ee·

154 682 288 718 clefiam
304 683 499 728 pertinere,
526 682 604 717 licet
622 693 690 716 non
712 680 814 726 hujus
838 692 942 718 manu
958 681 998 718 fit
1021 684 1219 721 exerendus.

303 732 464 777 Denique
481 742 582 768 nutus
600 730 656 766 ille
670 730 842 777 pontificis
860 744 917 768 aut
939 731 1085 779 potestas
1116 733 1237 780 gladii,
1266 735 1308 771 de
1326 734 1451 781 quibus
1473 736 1669 773 Bernardus
1687 738 1769 785 agit,

152 793 276 827 regum
295 780 542 829 depositionem
557 781 703 817 minime
722 779 882 828 spestant.
934 785 1028 818 Nam
1049 795 1087 817 ex
1104 784 1176 831 ejus
1193 796 1309 820 mente
1326 797 1454 822 tantum
1469 786 1567 829 abest,
1579 798 1618 822 ut
1633 787 1768 834 gladius

151 830 335 867 materialis
353 843 392 866 ex
408 843 497 867 nutu
514 830 665 866 ecclefiae
681 843 700 867 a
717 831 828 869 milite
842 843 962 868 contra
985 832 1234 880 imperatorem
1250 833 1372 883 stringi
1388 834 1506 884 poffi't.
1531 848 1570 873 ut
1585 836 1650 873 fine
1665 837 1769 886 hujus

149 879 239 929 jussu
265 880 385 926 stringi
410 892 481 916 non
507 879 619 928 poffit.

301 933 419 975 Itaque
435 927 612 966 manifeste
636 929 704 965 hoe
728 929 804 965 loco
824 929 1051 967 Bellarminus
1070 931 1241 972 abutitur,
1266 945 1346 970 cum
1366 945 1405 969 ex
1423 946 1464 971 eo
1485 934 1560 972 vult
1577 935 1766 981 ostendere,

149 991 246 1026 reges
264 977 358 1026 poss‘e
377 980 525 1027 deponi,
553 981 734 1026 regnisque
755 979 891 1027 spoliari
912 979 1001 1028 jussu
1018 984 1256 1020 Romanorum
1272 982 1490 1030 pontificum.

298 1032 375 1065 Nec
395 1031 485 1065 enim
506 1029 587 1065 dicit
603 1030 814 1071 Bernardus,
843 1031 937 1075 quod
954 1030 1154 1069 adversariis
1172 1034 1393 1081 probandum
1409 1034 1504 1076 esset,
1533 1035 1628 1081 quod
1654 1034 1679 1071 si
1699 1036 1766 1073 im-

149 1090 290 1126 perator
309 1078 398 1114 nolit
414 1080 456 1115 ad
473 1090 596 1116 nutum
613 1078 789 1126 pontificis
808 1080 960 1126 gladium
977 1081 1159 1128 stringere,
1186 1094 1243 1119 aut
1260 1083 1283 1118 fi
1302 1095 1421 1120 contra
1440 1085 1510 1132 ejus
1538 1096 1664 1120 nutum
1688 1098 1766 1122 eva-

150 1130 254 1176 ginet,
281 1140 362 1164 tunc
378 1128 470 1176 posse
489 1128 587 1164 illum
604 1142 622 1163 a
638 1128 805 1176 pontifice
822 1130 958 1176 deponi,
976 1142 1007 1166 et
1024 1132 1177 1178 gladium
1196 1134 1231 1168 in
1250 1146 1328 1169 eum
1346 1133 1462 1181 ipsum
1479 1137 1636 1170 exerceri.
1671 1137 1764 1178 Hoc,

148 1180 311 1225 inquam,
336 1190 408 1213 non
425 1178 507 1215 dicit
524 1179 738 1228 Bernardus,
762 1180 835 1215 imo
864 1178 1028 1227 supponit
1046 1182 1254 1220 exerendum
1277 1196 1349 1220 non
1375 1182 1437 1219 effe
1456 1184 1517 1219 nisi
1542 1186 1766 1233 imperatoris

151 1226 251 1266 'uffm

150 1239 160 1275 1
299 1277 420 1312 Tertia
439 1276 635 1312 Bellarmini
652 1277 739 1312 ratio
757 1277 838 1312 haee
855 1278 910 1313 est.
963 1281 1049 1314 Non
1067 1279 1146 1315 licet
1169 1281 1360 1316 christianis
1378 1281 1526 1318 tolerare
1548 1294 1663 1330 regem
1688 1283 1766 1318 infi-

150 1325 262 1362 delem
279 1337 338 1361 aut
351 1326 575 1366 haereticum,
603 1325 627 1360 fi
645 1326 702 1360 ille
717 1338 861 1360 conetur
879 1328 1078 1372 pertrahere
1096 1328 1251 1364 subditos
1268 1330 1310 1364 ad
1325 1329 1420 1365 suam
1438 1330 1602 1367 haeresim
1623 1333 1675 1367 vel
1691 1332 1765 1369 infi-

149 1375 336 1411 delitatem:
363 1386 397 1410 at
413 1374 565 1422 judicare
582 1387 623 1408 an
643 1387 701 1409 rex
715 1376 890 1421 pertrahat
909 1376 950 1411 ad
969 1376 1149 1420 haerefim,
1177 1391 1299 1420 necne,
1326 1381 1476 1426 pertinet
1493 1381 1533 1416 ad
1552 1380 1764 1428 pontificem,

118 1432 123 1436 '
148 1426 206 1461 cui
229 1425 275 1460 est
293 1423 468 1460 commissa
491 1436 572 1458 cura
590 1423 782 1469 religionis3
812 1437 896 1473 ergo
911 1425 1090 1473 pontificis
1117 1426 1163 1463 est
1184 1428 1335 1477 judicare
1358 1442 1478 1477 regem
1496 1429 1559 1467 effe
1584 1430 1764 1479 deponen-

102 1470 109 1477 ’
150 1476 233 1511 dum
251 1475 304 1510 vel
323 1486 392 1509 non
412 1473 669 1519 deponendum.

297 1522 519 1570 Respondeo,
546 1521 821 1567 propositionem
837 1523 1051 1563 Bellarrnini.
1076 1534 1117 1561 ut
1134 1536 1236 1572 patet¹
1266 1526 1457 1564 seditiosam
1475 1528 1545 1570 effe,
1573 1529 1680 1566 verbo
1697 1531 1765 1567 Dei

149 1574 373 1613 contrariam,
401 1583 433 1607 et
458 1571 615 1616 antiquae
640 1569 792 1605 eeclefiae
811 1572 995 1609 adversam.
1047 1575 1213 1612 Seditiosa
1239 1577 1302 1619 est,
1331 1580 1410 1623 quia
1429 1579 1594 1614 omnibus'
1618 1580 1763 1616 subditis·

150 1625 186 1659 in
209 1635 304 1669 reges
323 1622 410 1662 suos,
432 1620 457 1656 fi
477 1619 576 1655 semel
595 1618 655 1654 fibi
672 1619 901 1666 persuaserint
918 1634 1015 1668 reges
1032 1622 1110 1659 suos
1128 1638 1146 1660 a
1165 1625 1232 1660 fide
1250 1627 1394 1668 deviare,
1422 1641 1517 1663 arma
1533 1627 1764 1666 subministrat

150 1672 367 1722 proditioni,
393 1669 558 1707 intestinis
577 1680 609 1704 et
628 1668 787 1704 civilibus
809 1669 922 1712 bellis,
949 1683 985 1707 ac
1002 1673 1097 1718 quod
1113 1674 1212 1721 pejus
1230 1675 1276 1710 est
1295 1677 1438 1712 occultis
1456 1679 1493 1712 in
1515 1691 1636 1724 regum
1656 1680 1762 1716 vitam

148 1720 391 1759 moliminibus
411 1721 501 1756 viam
517 1718 639 1767 pandit
658 1718 863 1763 latissimam5
891 1720 997 1757 verbo
1011 1724 1074 1757 Dei
1092 1725 1273 1764 contraria,
1302 1738 1373 1770 quo
1390 1725 1513 1762 scilicet
1528 1728 1665 1774 jubetur
1682 1729 1762 1764 obe-

150 1773 219 1809 diri
236 1771 389 1807 dominis
406 1770 509 1806 etiam
526 1769 678 1811 discolis,
706 1780 737 1805 et
754 1771 871 1816 rogari
886 1772 1000 1806 Deum
1024 1784 1091 1818 pro
1110 1774 1379 1819 imperatoribus
1403 1787 1436 1810 et
1460 1777 1598 1822 regibus
1615 1778 1673 1819 iis,
1700 1779 1762 1823 qui

150 1824 185 1859 in
205 1820 411 1858 sublimitate
426 1817 602 1867 constituti
621 1816 698 1854 sunt
707 1844 717 1861 ,
742 1819 861 1858 reddi,
888 1821 981 1866 quod
1003 1819 1144 1857 caesaris
1169 1822 1233 1864 est,
1260 1823 1402 1865 caesari,
1430 1837 1472 1860 eo
1491 1838 1665 1873 tempore,
1692 1840 1763 1872 quo

149 1874 376 1919 imperatores
395 1879 490 1906 erant
509 1869 654 1912 ethnici3
672 1880 703 1905 et
718 1868 918 1905 christianae
936 1869 1112 1917 religioni,
1137 1871 1277 1908 demum
1304 1874 1456 1909 ecclefiae
1479 1876 1638 1921 antiquae
1663 1878 1764 1923 praxi

148 1922 388 1958 adversantur:
417 1918 587 1964 numquid
618 1919 715 1955 enim
741 1920 799 1954 illa
818 1923 980 1963 Nerone,
1010 1920 1202 1968 Trajanos‚
1230 1922 1459 1959 Diocletianos
1485 1937 1555 1960 non
1578 1926 1762 1962 toleravit?

136 1966 336 2017 ‘Numquid
345 1982 417 2006 non
426 1967 764 2017 apostataeJuliano'?
792 1970 978 2016 Numquid
989 1968 1059 2006 hon
1074 1971 1245 2008 haeretico
1256 1973 1464 2012 Constantio,
1487 1975 1641 2014 Valenti,
1667 1975 1762 2011 aliis-

150 2033 218 2067 que
235 2021 366 2068 semper
389 2019 532 2067 paruit‘?
582 2023 639 2054 An
655 2019 786 2065 aliquid
804 2021 839 2055 in
857 2031 915 2055 eos
930 2019 1050 2055 molita
1068 2019 1140 2055 est?
1192 2025 1231 2057 N
1235 2035 1270 2057 ec
1289 2022 1376 2058 dicat
1393 2022 1641 2066 Bellarminus,
1669 2026 1761 2061 vires

152 2070 304 2107 ecclesiae
320 2082 396 2107 tum
413 2082 484 2105 non
501 2067 711 2115 suppetiiffe3
736 2068 958 2117 suppetebant
976 2070 1066 2105 enim
1085 2081 1158 2106 tum
1174 2070 1280 2119 longe
1298 2073 1455 2120 majore&
1482 2084 1587 2119 quam
1604 2087 1682 2110 cum
1694 2077 1761 2113 Ro·v

150 2122 243 2157 mani
261 2119 441 2168 pontifices
452 2118 542 2155 istud
556 2120 592 2154 in
610 2131 709 2165 reges
718 2118 822 2165 longe
840 2120 955 2155 minus
974 2120 1094 2156 noxios
1111 2122 1221 2157 conati
1239 2123 1323 2158 sunt.
1378 2122 1473 2167 Quid
1491 2123 1584 2168 quod
1599 2136 1668 2170 pro
1682 2124 1761 2160 illo·

134 2173 231 2206 'rum
250 2170 356 2207 salute
382 2181 413 2205 et
439 2169 671 2206 incolumitate
695 2169 855 2216 quotidie
883 2181 1002 2216 preces
1027 2180 1196 2214 tamquam
1217 2185 1255 2208 ex
1277 2170 1391 2208 officio
1408 2171 1590 2213 fuderunt,
1626 2184 1659 2209 et
1679 2185 1761 2221 pro·

151 2230 206 2255 tet
215 2220 477 2260 conscientiam,
506 2230 575 2255 non
591 2226 736 2265 propter
746 2220 836 2254 ‘iram
857 2218 996 2256 obedire
1014 2217 1049 2253 se
1064 2218 1241 2265 protestati
1266 2221 1359 2263 sunt,
1386 2232 1425 2257 ut
1442 2222 1508 2257 late
1531 2221 1760 2272 probavimus

151 2268 267 2318 supra.
319 2272 440 2316 Itaque
454 2268 649 2317 propofitio
667 2268 865 2306 Bellarmini
882 2269 949 2306 hoc
963 2266 1062 2354 ssngu
1075 2281 1229 2354 caiccepta,
1258 2272 1353 2320 quod
1367 2283 1438 2309 non
1455 2271 1553 2310 liceat
1568 2284 1665 2329 reges
1681 2271 1762 2318 Ῑιιε·ι

230 2331 233 2333 -
1150 2331 1170 2354 2
1587 2331 1714 2361 reticos
