2023 2760
315 193 825 237 DISSERTATIONES
858 196 1227 243 HISTORICAE.
1255 207 1412 243 Dum-r.
1439 208 1487 245 11.
1637 215 1684 255 91

115 291 189 325 ante
207 287 383 337 judicarat.
398 316 401 319 ,
435 290 505 324 His
524 288 686 324 omnibus
707 288 794 325 illud
811 290 898 325 mihi
916 290 1047 326 videtur
1062 291 1305 340 adjiciendum,
1332 296 1426 342 quod
1444 297 1582 343 quidem
1602 309 1670 333 non
1688 298 1735 335 est

112 340 258 374 omnino
285 339 359 374 leve
384 338 550 386 synodum
579 341 624 373 ita
649 340 756 384 loqui,
783 350 822 373 ut
847 339 1000 376 videatur
1026 354 1168 387 magnae
1185 344 1260 380 loco
1287 347 1413 391 gratiae
1429 347 1552 382 habere
1569 347 1612 388 id,
1633 348 1731 392 quod

87 386 278 435 ’episcopis
309 388 478 424 damnatis
506 388 676 429 concedit,
703 399 740 422 ut
764 387 890 433 poffint
911 391 1096 436 impetrare
1114 405 1132 427 a
1149 396 1305 431 Romano
1326 396 1489 442 pontifice
1512 396 1650 443 legatos,
1669 399 1729 446 qui

104 435 288 484 posteriori
307 437 439 486 judicio
461 437 587 479 adsint,
613 448 647 472 et
663 439 840 472 autoritate
858 436 934 479 sua,
970 440 1099 485 prioris
1118 442 1209 478 illius
1225 443 1342 490 judicii
1362 446 1430 481 vim
1450 447 1675 484 imminuant,
1701 445 1727 481 fi

103 499 187 522 vero
204 487 296 535 apud
312 487 397 522 alios
416 499 517 532 quam
536 487 628 533 apud
647 488 785 534 priores
803 487 934 534 judices
951 486 1045 523 causa
1064 489 1238 527 retraetata
1255 492 1304 533 sit,
1323 494 1408 529 nihil
1429 508 1519 541 opus
1535 495 1596 531 esl'e
1615 495 1728 531 visum

101 533 234 578 fuisset,
262 538 443 573 autoritate
471 535 613 572 istorum
640 537 852 582 legatorum.
879 538 959 582 quia
982 539 1065 572 novi
1091 540 1219 586 judices
1244 543 1344 587 prius
1378 543 1466 577 illud
1491 544 1656 590 judicium
1683 545 1725 578 ab

104 586 182 621 aliis
200 587 308 625 latum
332 588 474 622 minime
495 584 668 621 curassent.
720 587 796 621 Nec
815 585 870 625 est,
887 586 982 631 quod
1000 586 1155 624 videatur
1171 590 1347 635 iniquum,
1376 602 1415 626 ut
1430 593 1456 626 ii
1473 593 1584 628 denuo
1601 594 1728 641 judiees

107 635 334 674 collocentur,
353 637 412 681 qui
430 635 498 682 jam
521 634 719 670 sententiam
738 633 894 676 tulerant,
922 646 1000 670 nam
1016 637 1066 671 uti
1092 637 1251 680 diximus,
1289 652 1416 676 novum
1435 639 1623 677 instituitur
1638 642 1726 689 judi-

104 685 199 722 cium
217 686 269 720 vel
292 686 374 730 quia
393 685 492 731 prius
511 697 580 719 non
598 682 666 719 fuit
687 685 752 719 rite
768 681 916 725 fastum,
950 684 1005 719 vel
1021 687 1101 730 quia
1115 687 1156 722 ab
1174 688 1242 723 istis
1259 689 1449 737 judicibus»,
1477 690 1572 726 causa
1590 705 1660 727 non
1679 692 1725 728 est

104 732 184 770 satis
203 736 410 775 examinata,
439 746 543 779 quare
565 734 649 768 nihil
667 745 753 769 vetat
767 732 809 767 ad
827 733 903 769 illos
922 734 1077 771 eamdem
1094 736 1227 773 causam
1249 740 1398 779 remitti,
1426 751 1464 775 ut
1483 753 1553 775 rem
1576 742 1725 788 amplius

105 784 310 824 examinent,
341 796 373 819 et
397 785 433 818 in
461 783 646 830 judicando
668 783 859 829 legitimam
877 781 1026 819 formam
1041 784 1238 827 observent,
1265 787 1350 824 ficut
1367 789 1457 824 haud
1476 790 1634 838 iniquum
1651 793 1724 828 imo

101 834 346 880 aequissimum,
373 845 411 868 ut
429 832 553 874 causae,
575 845 686 878 quaea
702 832 867 878 supremis
887 833 1052 869 senatibus
1072 834 1149 872 sunt
1163 837 1338 884 judicatae,
1367 839 1488 874 iisdem
1507 841 1628 876 iterum
1648 855 1724 877 exa-2

99 884 295 925 minandae,
322 895 353 920 et
377 882 577 930 judicandae
602 883 839 923 remittantur,
868 895 898 918 et
922 882 1077 920 videmus
1103 884 1200 933 saepe
1225 900 1284 924 eos
1310 887 1404 936 ipsos
1418 888 1546 936 judices
1562 903 1597 926 re
1616 903 1727 927 matu-

97 933 170 969 rius
193 931 336 980 expensa
354 931 520 968 diversam
538 930 682 977 prorsus
698 945 717 967 a
732 934 847 979 priori
865 931 1061 970 sententiam
1081 934 1184 972 ferre.

200 985 250 1018 Ex
278 980 379 1016 distis
401 982 468 1017 huc
487 994 597 1025 usque
615 993 729 1028 patet,
758 984 987 1017 Hincmarum
1005 985 1039 1017 in
1060 984 1198 1030 epistola
1209 985 1250 1020 ad
1259 988 1427 1032 joannem
1448 987 1618 1030 ossavum,
1637 1001 1722 1035 quae

101 1033 244 1068 nomine
265 1030 380 1065 Caroli
399 1030 496 1065 Calvi
511 1029 635 1075 scripta
649 1030 694 1064 est
711 1041 784 1075 cap.
801 1030 985 1064 undecimo
996 1057 1003 1070 ,
1020 1043 1088 1067 tam
1105 1032 1194 1068 reste
1211 1033 1341 1069 sensum
1360 1047 1529 1072 canonum
1545 1039 1720 1074 sardicen-

101 1080 188 1116 fium
207 1078 405 1115 adsecutum
425 1076 508 1118 esse,
534 1090 572 1111 ut
588 1078 673 1112 nihil
691 1077 733 1111 ad
750 1090 807 1112 eos
826 1080 1048 1122 exponendos
1065 1082 1179 1126 aptius
1197 1082 1265 1116 dici
1282 1082 1393 1128 poffi't.
1447 1088 1499 1120 En
1519 1086 1590 1132 ejus
1608 1087 1722 1126 verba.

104 1132 214 1177 cujus,
251 1129 383 1173 inquit,
405 1127 543 1173 sanflae
563 1126 688 1174 synodi
714 1127 939 1172 (Nicaenae)
968 1129 1230 1176 constitutionem
1253 1131 1465 1174 Sardieenses
1493 1147 1630 1171 canones
1652 1149 1721 1173 nrm

101 1173 310 1217 convellunt,
337 1180 396 1226 qui
419 1189 487 1210 cum
510 1175 680 1221 pontificis
704 1176 848 1209 Romani
867 1178 1016 1216 vicario,
1045 1180 1099 1212 vei
1116 1179 1264 1214 arbitrio
1283 1184 1409 1224 causam
1424 1185 1570 1230 episcopi
1588 1188 1626 1220 in
1640 1198 1722 1232 pro..

98 1228 244 1263 vinciali
259 1225 389 1272 synodo
408 1223 580 1269 judicati,
609 1225 710 1256 etiam
726 1224 943 1266 episcoporum
961 1225 1107 1258 arbitrio
1120 1250 1128 1264 ‚
1156 1228 1209 1259 vel
1219 1228 1367 1271 judicio,
1384 1234 1443 1276 qui
1461 1243 1531 1266 eum
1542 1233 1721 1277 judic-ave·

97 1284 192 1316 runt,
220 1286 296 1309 sum
314 1273 482 1319 episcopis,
503 1272 562 1319 qui
578 1271 616 1304 in
624 1268 781 1311 finitima
800 1277 833 1304 et
845 1273 1036 1318 propinqua
1050 1276 1228 1318 provincia
1242 1276 1342 1318 sunt,
1367 1280 1586 1324 praecipiunt
1602 1286 1720 1316 termi..

100 1327 200 1365 nari,
235 1331 395 1371 quatenus
426 1320 498 1368 five
532 1321 570 1355 in
603 1318 767 1355 mutanda
795 1321 986 1366 sententia,
1013 1322 1113 1367 juxta
1140 1334 1277 1360 canones
1302 1324 1467 1364 Nicaenos
1492 1340 1657 1366 commune
1675 1331 1721 1375 [1⁴2

98 1376 272 1424 placitum.
657 1418 664 1426 ι
995 1419 1003 1427 ·
1694 1422 1697 1427 k

200 1425 310 1459 Porro
328 1431 473 1456 canones
494 1417 546 1454 isti
564 1415 778 1454 Sardxcenses
798 1429 974 1464 nunquam
993 1432 1029 1453 in
1046 1420 1180 1457 oriente
1196 1432 1227 1457 et
1243 1420 1320 1458 sero
1345 1422 1380 1458 in
1400 1424 1572 1461 occidente
1589 1430 1720 1475 recepti

101 1472 189 1510 sunt.
240 1475 292 1508 De
308 1472 438 1509 oriente
468 1469 535 1516 jam
561 1467 688 1503 constat
714 1466 774 1501 illo
792 1467 866 1513 ipso
883 1480 1055 1515 tempore,
1083 1483 1152 1516 quo
1168 1472 1423 1515 condebantur,
1449 1475 1630 1510 orientales
1648 1480 1720 1524 epi.

100 1521 224 1570 scopos
253 1520 465 1557 eontrarium
487 1516 629 1565 prorsus
654 1513 810 1551 statuisse.
864 1519 1032 1564 Deinceps
1050 1532 1162 1557 autem
1180 1533 1253 1556 tum
1269 1523 1303 1556 in
1322 1523 1471 1560 concilio
1487 1523 1722 1568 canstantinoe

101 1573 272 1620 politano,
299 1581 375 1605 tum
401 1570 436 1603 in
462 1564 723 1603 Chalcedonenfi
737 1591 745 1606 ,
773 1576 846 1605 tum
865 1567 901 1600 in
917 1568 1089 1606 Trullano
1105 1570 1233 1607 nullam
1253 1571 1354 1619 hujus
1371 1572 1549 1610 revisionis
1568 1578 1720 1612 mentio·-

101 1633 181 1657 nem
205 1620 358 1655 fecerunt
371 1643 380 1659 ‚
405 1617 635 1665 jusseruntque
660 1617 770 1649 caulas
795 1627 914 1654 ornnes
932 1615 1051 1662 synodi
1067 1621 1306 1667 provincialis,
1331 1634 1389 1657 aut
1406 1622 1449 1659 ad
1468 1622 1641 1661 summum
1659 1639 1719 1672 p..

101 1669 290 1706 triarchalis
309 1667 438 1716 judicio
455 1664 558 1701 finiri.
610 1668 651 1700 In
670 1664 840 1699 occidente
862 1676 970 1710 porro
995 1668 1072 1713 post
1089 1669 1174 1706 hanc
1199 1670 1368 1718 synodum
1390 1672 1547 1707 adversus
1569 1673 1720 1721 discipli.

104 1732 183 1756 nam
210 1720 244 1754 in
272 1731 309 1753 ea
328 1716 488 1752 sancitam
512 1715 737 1750 reclamarunt
757 1712 929 1751 Africani,
958 1716 1182 1754 reclamarunt
1199 1731 1229 1755 et
1249 1720 1357 1758 Galli.
1384 1731 1422 1756 ut
1440 1721 1592 1758 dicemus
1612 1724 1717 1768 infra,

101 1767 174 1805 imo
191 1766 305 1814 neipfi
323 1765 461 1811 quidem
480 1764 554 1800 Itali
571 1764 647 1799 illos
665 1765 700 1798 in
715 1764 953 1799 authoritatem
972 1765 1191 1806 admiserunt,
1210 1768 1263 1804 isti
1278 1771 1410 1816 quippe
1426 1771 1460 1804 in
1479 1770 1618 1817 epistola
1636 1786 1719 1808 con-

98 1818 171 1854 eilii
195 1816 310 1853 ltaliae
333 1815 376 1862 ad
395 1813 634 1849 Theodosium
651 1825 788 1859 agentes
806 1813 846 1847 de
867 1813 1074 1859 depositione
1093 1818 1236 1852 Maximi
1255 1820 1623 1866 Constantinopolitani
1640 1825 1717 1869 epi.

100 1867 216 1915 scopi,
243 1877 347 1911 quem
365 1863 486 1911 injuste
505 1863 547 1899 ab
567 1862 791 1899 orientalibus
813 1860 978 1909 dejectum
997 1863 1058 1899 esse
1075 1864 1335 1906 arbitrabantur,
1356 1871 1483 1914 quique
1499 1869 1540 1904 ad
1559 1872 1717 1907 occidena

101 1917 184 1954 tales
201 1914 417 1961 confugerat,
447 1925 478 1948 et
493 1914 542 1948 eis
561 1912 691 1948 causam
711 1911 806 1947 suam
825 1911 1036 1959 exposuerat,
1065 1915 1098 1948 in
1118 1915 1193 1952 hoc,
1213 1917 1362 1961 inquam,
1379 1916 1464 1957 casu,
1490 1932 1549 1954 nec
1567 1920 1718 1966 sequun-

100 1978 168 2008 tur,
195 1978 254 2001 nec
271 1964 416 2010 allegant
431 1974 577 1998 canones
595 1960 815 2002 Sardicenses,
843 1973 902 1996 nec
920 1975 959 1997 ex
977 1976 1099 1998 eorum
1115 1964 1325 2012 praescripto
1343 1966 1461 2014 jubent
1478 1967 1643 2014 judicium
1663 1984 1719 2008 re.

103 2016 234 2054 novari,
252 2013 410 2057 nihilque
425 2012 520 2048 aliud
537 2011 759 2051 contendunt,
779 2010 838 2046 nisi
859 2022 897 2046 ut
914 2010 1066 2060 synodus
1086 2017 1301 2050 oecumenica
1324 2015 1511 2056 indicetur,
1539 2020 1574 2053 in
1596 2033 1661 2064 qua
1679 2019 1719 2056 fi·

101 2065 176 2102 mul
201 2076 281 2100 cum
306 2062 530 2099 orientalibus
551 2061 755 2107 cognoscant
783 2060 823 2095 de
846 2061 1054 2106 depositione
1071 2064 1225 2100 Maximi,
1252 2077 1338 2105 non,
1363 2066 1544 2111 inquiunt,
1569 2082 1718 2115 praero-

0 2125 2 2128 ’
51 2137 54 2141 -
100 2118 262 2165 garivam
280 2111 375 2150 nobis
401 2111 608 2146 vindicamus
637 2114 799 2150 eat-minis,
826 2111 882 2153 sed
908 2114 1106 2155 consortium
1125 2117 1299 2149 communis
1318 2113 1479 2156 arbitrii,
1507 2118 1601 2161 quod
1621 2117 1642 2152 si
1664 2131 1717 2154 ca.

101 2176 208 2200 nones
234 2160 440 2200 Sardicensea
466 2162 608 2208 alicujus
633 2160 849 2196 authoritatis
877 2157 938 2195 esse
963 2160 1150 2201 duxissent,
1177 2162 1252 2196 illos
1277 2164 1338 2198 islo
1363 2166 1655 2211 opportunissimo
1675 2169 1713 2204 in

105 2213 182 2248 loco
208 2225 278 2248 non
301 2209 608 2257 praetermisissent.
663 2210 804 2244 Posthac
830 2210 1048 2245 innocentius
1068 2215 1094 2248 1.
1111 2214 1146 2246 in
1167 2213 1259 2258 epist.
1277 2212 1316 2248 ad
1333 2212 1458 2249 clerum
1479 2215 1717 2253 Constantinoe

107 2260 321 2310 politanum,
347 2261 522 2298 Nicaenos
548 2271 693 2296 canones
719 2258 810 2295 solos
835 2260 949 2345 vigehrde
962 2259 1063 2343 3ῑείὶίε
1090 2261 1136 2297 est
1150 2286 1160 2304 ,
1186 2273 1219 2298 et
1236 2265 1274 2298 'm
1300 2262 1393 2311 epist.
1412 2264 1455 2300 ad
1474 2264 1716 2351 Tlxffifflum
