2023 2760
432 186 935 224 DISSERTATIONES
963 191 1316 230 HISTORICAE'.
1434 202 1438 208 ⁴
1601 206 1648 240 37

97 287 130 310 ι.
159 273 263 318 Quod
283 273 461 309 Anatolius
480 286 496 308 a
516 277 630 308 Leone
647 286 708 320 per
726 273 902 319 epistolam
923 281 978 321 56.
999 280 1182 325 exagitatus
1199 305 1210 318 ‚
1237 293 1448 327 nequaquam
1467 282 1499 317 se
1516 280 1695 318 auctorita-

86 335 117 359 te
134 323 274 370 alicujus
293 324 431 357 canonis
451 336 468 357 a
488 323 871 370 Constantinopolitano
892 327 1036 362 concilio
1055 329 1244 371 constituti,
1273 329 1474 366 defenderit.
1530 346 1559 367 2.
1590 332 1695 375 Quod

85 372 234 419 episcopi
255 373 391 407 concilii
412 371 767 419 constantinopolitani
795 387 826 409 2.
845 400 853 415 ,
882 374 936 410 seu
955 378 1071 422 potius
1097 391 1126 422 ς.
1144 380 1178 414 in
1211 379 1350 426 epistola
1378 380 1435 416 sna
1454 381 1494 416 ad
1511 380 1695 417 Damasum

85 423 294 458 definitionis
311 422 411 468 hujus
431 434 500 456 non
518 424 761 458 meminerunt.
814 435 844 467 3.
876 426 979 469 Quod
1007 429 1233 463 Timorheum
1260 429 1526 465 Alexandrinum
1543 457 1551 471 ,
1580 432 1614 464 in
1636 443 1694 466 ευ-

85 471 139 518 ius
164 471 413 518 praejudicium
443 471 615 507 decretum
652 470 736 506 istud
756 471 859 508 latum
886 473 1019 513 fuerat,
1054 477 1088 510 id
1125 476 1233 512 tulisse
1259 491 1328 512 non
1355 478 1393 513 {it
1417 479 1605 525 probabile.
1660 492 1693 521 4.

84 522 187 562 Quod
214 521 385 566 superiori
412 522 602 562 canoni„1'n
626 533 695 566 quo
722 521 888 557 dioeceses
914 524 1169 570 distinguuntur
1186 552 1193 566 ,
1214 528 1403 561 contrarius
1435 527 1497 562 effe
1524 529 1691 563 videatur.

182 573 317 607 Verum
342 571 404 604 hae
428 571 579 605 rationes
605 568 782 605 leviffimae
812 570 906 612 iunt,
944 585 1004 608 nec
1031 587 1238 620 quemquam
1267 588 1408 610 movere
1435 577 1561 612 debent
1579 602 1588 615 ‚
1615 590 1694 612 cnm

82 619 215 655 aliunde
234 620 372 655 canonis
391 619 492 665 hujus
511 621 658 665 γυησιότης
677 618 876 665 grav-iffimis
892 620 1091 658 testimoniis
1110 623 1280 661 fulciatur.
1333 627 1450 660 Primo
1480 627 1571 660 enirn
1598 638 1694 661 cano-

82 681 160 703 nem
178 669 269 704 hunc
287 682 304 703 a
321 668 464 703 concilio
487 668 549 702 isto
569 670 699 705 editum
717 667 809 703 testes
829 669 904 707 sun-t
924 674 1077 707 Socrates
1096 684 1128 708 et
1147 676 1358 709 Sozomenus
1371 700 1378 714 ‚
1407 674 1463 709 ille
1478 675 1536 709 lib.
1561 687 1588 718 ς.
1609 687 1635 711 c.
1662 682 1692 715 8,,

82 717 138 752 hic
155 718 215 753 lib.
237 730 270 762 7.
291 731 317 753 c.
341 731 382 762 9..
435 718 568 752 Deinde
588 720 623 753 in
642 719 785 754 concilio
812 720 1097 760 Chalcedonensi,
1125 735 1198 757 tum
1226 735 1295 758 can,
1327 731 1404 764 23.,
1434 735 1506 759 tum
1533 722 1603 760 sess.
1636 730 1692 759 16.

82 769 146 802 col.
168 774 249 808 812.
268 767 324 802 hic
341 779 451 802 canon
469 767 660 803 adducitur.
713 771 825 812 Atque
844 769 917 815 ipse
936 773 1119 806 Lucentius
1137 771 1224 806 sedis
1253 772 1456 818 apostolicae
1484 774 1610 819 legatus
1639 786 1695 819 ag-

81 815 185 852 noscit
203 816 294 852 hunc
316 828 480 852 canonem
499 829 633 852 centum
652 818 902 864 quinquaginta
920 832 1058 865 patrum
1089 820 1165 861 esse,
1202 824 1356 866 queritur
1385 825 1476 857 enim
1503 822 1564 858 col.
1593 829 1693 866 809„

80 866 169 913 quod
192 868 245 908 318
284 865 570 913 constitutionibus
595 867 793 914 postpcfitis,
820 882 899 910 ιη,
928 872 987 917 qui
1014 872 1051 904 in
1070 871 1240 917 synodicis
1270 871 1449 907 canonibus
1475 885 1542 907 non
1568 871 1694 907 haben·

81 925 150 954 tur,
162 918 364 951 mentionem
390 923 523 950 tantum
550 916 667 961 fecisse
692 918 883 958 noscuntur.
937 920 1022 953 Non
1041 931 1141 964 negat
1158 920 1243 955 hanc
1261 920 1359 956 fuisse
1376 932 1512 966 patrum
1537 933 1614 964 ¹50·
1635 920 1690 955 de-

80 962 294 1005 finitionem,
320 962 377 999 fed
396 965 487 999 illius
505 965 641 999 concilii
662 964 847 1001 sanstiones
865 968 901 1001 in
920 966 982 1001 suo
999 968 1114 1002 codice
1131 970 1273 1004 minime
1292 970 1436 1016 reperiri
1463 968 1614 1005 testatur.
1642 970 1692 1004 Si-

82 1013 210 1048 militer
227 1015 258 1048 S.
277 1017 346 1047 Leo
367 1025 418 1058 ep.
441 1025 494 1056 55.
512 1013 554 1046 ad
572 1013 787 1054 Anatolium,
815 1026 846 1048 et
865 1028 916 1060 ep.
940 1027 992 1059 53.
1011 1017 1052 1050 ad
1073 1017 1283 1052 Pulcheriam
1303 1020 1460 1062 queritur
1477 1019 1612 1053 concilii
1625 1020 1692 1052 Ni-

81 1062 175 1096 caeni
193 1060 426 1097 sanaionibusf
437 1060 517 1095 alias
533 1071 609 1095 ante
629 1066 689 1096 60,
714 1073 772 1095 aut
791 1074 848 1105 70.
870 1075 977 1098 annos
998 1076 1016 1098 a
1037 1064 1241 1108 quibusdam
1270 1066 1438 1112 episcopis
1458 1067 1562 1102 editas
1590 1079 1690 1113 prae-

77 1109 176 1145 ferri.
232 1109 335 1154 Quod
353 1110 392 1144 de
409 1109 494 1150 alio,
523 1121 624 1153 quam
644 1110 684 1144 de
703 1110 838 1145 concilii
858 1112 1224 1159 Constantinopolitani
1240 1126 1366 1150 canone
1390 1127 1419 1160 3.
1439 1116 1587 1161 intelligi
1614 1128 1688 1151 non

78 1158 198 1206 potest.
248 1163 424 1194 Praeterea
445 1158 524 1192 licet
539 1169 686 1202 propter
703 1158 814 1196 hunc,
839 1171 988 1195 caeteros
1005 1161 1150 1207 ejusdem
1167 1164 1301 1198 concilii
1319 1177 1460 1199 canones
1479 1165 1623 1200 minime
1641 1177 1691 1200 re-

79 1209 206 1253 ceperit
222 1207 353 1242 ecclesia
370 1210 520 1241 Romana
536 1229 545 1243 ,
572 1216 610 1238 ut
626 1204 752 1239 con-stat
769 1218 807 1238 ex
823 1206 890 1251 jam
907 1210 1016 1242 citatis
1039 1209 1147 1253 locisg
1174 1212 1323 1254 itemque
1356 1224 1395 1246 ex
1423 1215 1532 1257 Greg.
1562 1213 1619 1249 lib.
1657 1217 1690 1248 6.

77 1269 130 1303 ep.
152 1267 227 1299 31.‚
256 1267 288 1289 et
303 1253 443 1289 Nicolai
462 1255 489 1288 1.
510 1251 617 1286 Gelas.
641 1265 699 1299 ep,
711 1263 744 1294 4.
765 1265 822 1287 eos
840 1265 949 1289 tamen
974 1255 1168 1302 suppositos
1196 1257 1258 1291 effe
1284 1271 1475 1303 numquam
1501 1260 1603 1301 dixit,
1631 1262 1688 1295 sed

77 1319 98 1340 a
119 1317 196 1350 15⁷0.
215 1304 372 1350 patribus
390 1301 547 1338 conditos
565 1304 724 1347 agnovit,
751 1313 791 1337 ut
807 1302 958 1339 constare
976 1304 1086 1350 potest
1106 1318 1144 1340 ex
1163 1305 1250 1341 locis
1267 1307 1372 1341 modo
1390 1309 1508 1343 citatis.
1537 1311 1688 1344 Demum

77 1355 114 1390 in
133 1353 333 1390 collectione
347 1350 504 1400 Dionysii
522 1352 665 1396 Exigui,
694 1350 899 1397 caeterisque
924 1353 1086 1390 omnibus
1111 1367 1282 1391 canonum
1308 1354 1566 1393 collestionibus
1596 1370 1691 1404 repe-

77 1405 231 1440 riuntur.
281 1403 335 1438 Ad
354 1401 498 1447 rationes
516 1399 639 1435 adlatas
665 1400 873 1446 respondere
902 1401 1105 1440 facillimum
1132 1403 1190 1440 est,

176 1453 229 1488 Ad
248 1454 399 1499 primam
421 1463 458 1486 ex
476 1448 622 1496 ipsomet
638 1452 669 1484 S.
689 1453 801 1485 Leone
817 1452 1016 1488 Anatolium
1035 1454 1174 1489 concilii
1190 1454 1562 1503 Constantinopolitani
1585 1467 1696 1493 cano-,r

79 1515 121 1538 ne
139 1503 311 1538 honorem
338 1501 437 1537 suum
454 1497 638 1534 defendifle
655 1498 799 1540 constat,
828 1511 865 1535 ut
882 1500 950 1547 jam
971 1503 1107 1544 anobis
1134 1504 1407 1539 animadversum
1434 1502 1488 1539 est.
1655 1506 1659 1512 ¹

168 1553 232 1587 *Ad
252 1550 433 1587 secundam
454 1546 668 1593 respondeo,
695 1548 752 1583 seu
772 1549 889 1594 potius
908 1552 996 1586 tertii
1015 1551 1382 1599 constantinopolitani
1399 1552 1537 1588 concilii
1555 1551 1688 1600 episco-

79 1613 145 1647 pos
166 1613 310 1636 canones
333 1613 352 1634 a
380 1598 412 1633 se
434 1597 591 1633 conditos
613 1609 682 1632 non
711 1609 909 1633 enumerare
928 1614 938 1634 ;
954 1599 1019 1635 sed
1045 1603 1214 1637 rationem
1242 1603 1382 1638 reddere
1410 1600 1585 1647 pontifici,
1612 1614 1690 1638 tum

79 1649 157 1685 suae
173 1649 268 1691 fidei,
296 1661 370 1684 tum
387 1648 486 1682 etiam
504 1645 805 1681 administrationis
828 1646 1036 1684 ecclesiarum
1053 1675 1067 1688 2
1091 1652 1316 1687 ordinationis
1342 1649 1630 1686 scilicetNeHarii
1655 1663 1688 1687 et

79 1699 258 1734 Flaviani:
287 1698 378 1734 unde
397 1710 438 1732 ne
456 1695 600 1730 verbum
617 1696 755 1740 quidem
782 1696 899 1731 dicunt
928 1697 970 1732 de
994 1701 1142 1735 Maximi.
1168 1702 1290 1747 Cynici
1321 1712 1528 1744 eorumque,
1559 1702 1620 1747 qui
1645 1701 1685 1736 ab

78 1747 155 1795 ipso
172 1747 321 1784 ordinati
339 1745 490 1783 fuerant,
518 1744 741 1792 depositione,
770 1745 809 1779 de
826 1758 892 1790 qua
908 1755 1019 1781 tamen
1043 1759 1131 1784 unus
1154 1750 1262 1786 editus
1280 1762 1348 1785 erat
1362 1762 1480 1785 canon,

227 1798 281 1832 Ad
310 1798 446 1832 tertiam
473 1792 665 1840 respondeo
682 1821 689 1835 ,
718 1793 809 1830 forte
835 1794 1104 1832 Alexandrinum
1131 1799 1354 1840 interceffisse,
1387 1811 1419 1834 et
1443 1795 1688 1833 intercessionis

75 1847 147 1896 ejus
174 1847 302 1882 nullam
331 1845 394 1881 esse
420 1845 641 1881 memoriam,
690 1841 805 1879 forsan
833 1846 932 1880 etiam
959 1858 1028 1881 non
1056 1846 1265 1883 intercessisse
1285 1873 1295 1887 ‚
1338 1848 1392 1883 vel
1420 1848 1501 1892 quia
1530 1848 1607 1892 quia
1633 1848 1684 1884 ita

79 1909 225 1942 aequum
254 1895 315 1931 effe
348 1894 544 1942 judicabat,
596 1893 649 1928 vel
682 1906 760 1938 quia
786 1893 914 1929 obstitit
940 1896 1156 1941 imperator,
1209 1898 1262 1932 vel
1297 1899 1377 1944 quia
1412 1909 1480 1932 non
1516 1909 1683 1942 magnum

77 1946 141 1981 fibi
176 1946 429 1993 praejudicium.
464 1943 530 1978 hoc
561 1955 688 1977 canone
729 1941 805 1978 fieri
832 1943 1041 1980 existimavit.
1118 1946 1224 1980 Unde
1249 1958 1310 1980 nec
1336 1948 1372 1980 in
1399 1945 1543 1980 concilio
1585 1946 1684 1981 Chal-

75 1995 251 2031 cedonenfi
280 1995 406 2042 ipsum,
434 2005 492 2027 aut
516 1992 768 2027 Antiochenum
797 1992 988 2038 praesulem
1014 1993 1225 2030 interceffiffe
1250 1996 1404 2041 legimus
1434 1994 1559 2030 Forsan
1579 1996 1681 2030 etiarn

77 2045 134 2080 hic
153 2057 267 2079 .canon
295 2056 370 2080 ante
404 2041 586 2077 adventum
613 2043 869 2088 Aegyptiorum
898 2043 1009 2078 editus
1039 2042 1084 2078 est
1113 2045 1148 2079 in
1174 2046 1292 2090 primo
1320 2043 1466 2080 concilio
1495 2042 1684 2079 Constantio

76 2094 297 2140 nopolitano,
325 2093 417 2140 cujus
438 2090 569 2138 praeses
589 2103 657 2125 erat
675 2091 845 2128 Meletius.

219 2143 274 2178 Ad
303 2143 456 2178 ultimam
484 2140 694 2187 respondeo,
715 2139 807 2176 hunc
834 2153 995 2176 canonem
1023 2143 1134 2188 priori
1162 2155 1231 2177 non
1262 2141 1324 2178 esse
1344 2143 1568 2179 contrarium,
1604 2143 1682 2186 quia

77 2191 260 2228 seeundum
288 2204 418 2227 tantum
444 2190 587 2225 honoris
614 2189 726 2225 locum
754 2190 1138 2237 Constantinopolitano
1173 2193 1293 2227 tribuit
1320 2192 1506 2239 episcopo,
1542 2189 1681 2225 servatis

78 2240 284 2287 fingularum
312 2239 505 2279 dioeceseon
532 2238 752 2288 privilegi-is,
781 2253 863 2288 quae
888 2239 1078 2278 nuliatenus
1105 2241 1205 2280 laedit
1231 2242 1286 2278 hic
1312 2254 1429 2281 canon.
1482 2241 1682 2323 Neesenim

878 2291 907 2327 E
933 2301 952 2336 3
1503 2301 1560 2336 epi
1579 2300 1630 2325 co-
