1982 2739
310 217 388 253 ⁷⁸¹⁴
536 201 608 239 DE
633 200 902 247 ANTIQVA
925 198 1243 239 ECCLESIAE
1267 201 1605 241 DISCIPLINA

381 274 444 330 ff
804 291 1340 346 CAPUTIL

491 435 537 475 In
561 448 628 486 quo
654 448 696 475 ex
714 435 823 488 faffis
849 435 1022 486 colligitur
1037 462 1047 477 ,
1074 449 1160 486 quae
1178 435 1288 487 fuerit
1306 435 1430 487 forma
1449 435 1669 488 judiciorum.

936 526 1227 581 ecclestasticorum.

1018 655 1046 700 5.
1100 659 1129 694 1.

568 762 791 810 Referuntur
816 769 852 797 et
878 764 1120 801 examinantur
1139 763 1285 812 judicia,
1314 772 1397 811 quae
1416 759 1579 810 synodum

818 824 1005 861 Nicaenam
1028 828 1294 874 praecqfferunt.

367 947 428 973 uae
444 934 601 972 debuerit
632 934 696 972 effe
730 934 914 972 secundum
933 949 1079 973 canones
1095 935 1211 973 forma
1226 937 1432 984 judiciorum
1449 933 1744 973 ecclesiasticorum
1774 937 1884 984 capite

418 985 586 1031 superiori
604 985 772 1024 diximus,
800 999 892 1022 nunc
911 1000 994 1023 vero
1012 989 1150 1033 inquiro
1190 999 1228 1022 us
1253 1012 1261 1028 ‚
1290 996 1455 1031 quaenam
1483 982 1588 1019 fuerit
1615 985 1787 1020 observata
1805 1012 1814 1028 ,
1855 997 1885 1022 et

268 1046 386 1071 utrum
407 1033 489 1069 usus
508 1046 539 1071 et
556 1035 769 1072 consuetudo
787 1048 865 1072 cum
884 1036 1018 1082 legibus
1038 1037 1117 1084 ipfis
1135 1000 1333 1073 gnsentiat.
1363 1034 1517 1069 Primum
1533 1045 1646 1069 autem
1665 1034 1706 1069 de
1725 1034 1784 1069 illo
1803 1047 1884 1070 tem-

267 1096 358 1132 pore
374 1084 564 1132 agendum,
590 1086 685 1132 quod
702 1099 848 1122 canones
870 1085 962 1133 ipsos
982 1099 1018 1122 ac
1036 1087 1126 1133 leges
1145 1085 1371 1122 ecclesiasticas
1389 1109 1398 1125 ,
1427 1083 1493 1118 hoc
1520 1083 1584 1124 est,
1610 1084 1794 1120 concilium
1814 1085 1896 1120 Ni·-

266 1146 410 1171 eaenum
428 1133 604 1182 praeceffit
618 1161 627 1177 ‚
656 1135 997 1182 examinandumque,
1009 1149 1178 1182 quaenam
1188 1149 1260 1172 tum
1286 1134 1457 1182 temporis
1487 1132 1701 1170 consuetudo
1722 1135 1882 1180 viguerit.

265 1185 490 1220 Contendunt
516 1185 759 1228 Bellarminus,
785 1187 954 1222 Baronius
973 1211 983 1224 ‚
1008 1187 1196 1227 Davidius,
1221 1189 1341 1231 Lupus
1358 1197 1389 1220 et
1406 1183 1481 1223 alii,
1516 1194 1590 1219 tum
1615 1186 1782 1230 temporis
1812 1196 1885 1220 ma·

267 1233 364 1283 jores
381 1232 623 1281 episcoporum
642 1234 755 1270 causas
777 1236 820 1269 ad
840 1233 1042 1280 pontificem
1059 1238 1255 1272 Romanum
1278 1233 1378 1268 fuisse
1403 1231 1516 1266 saltem
1537 1245 1598 1278 per
1615 1234 1883 1279 adpellationem

270 1283 398 1318 delatas
424 1296 432 1326 ;
459 1295 522 1317 nos
541 1295 623 1318 vero
644 1282 806 1328 exemplis
827 1295 906 1317 mox
924 1283 959 1316 in
978 1282 1131 1318 medium
1141 1281 1379 1329 proferendis,
1408 1279 1604 1317 docebimus
1623 1281 1734 1318 causas
1752 1295 1883 1324 omnes,

269 1342 346 1368 tum
365 1333 532 1379 temporis
550 1333 586 1367 in
603 1331 758 1378 partibus
774 1330 875 1367 fuisse
893 1332 1086 1367 terminatas
1101 1357 1110 1374 ,
1134 1345 1194 1368 nec
1211 1331 1316 1366 ullam
1345 1330 1512 1366 damnatis
1538 1333 1823 1378 provocationem
1840 1331 1886 1368 ad

268 1384 466 1421 Romanum
484 1380 682 1427 pontificem
700 1379 801 1416 fuisse
816 1381 1019 1424 conceffam3
1047 1383 1093 1417 ira
1112 1393 1150 1417 ut
1166 1381 1189 1416 fi
1210 1393 1312 1425 quem
1332 1381 1368 1415 in
1393 1381 1520 1416 crimen
1544 1381 1680 1428 prolabi
1705 1382 1883 1428 continge.

267 1442 342 1473 ret,
382 1443 462 1466 eum
479 1429 578 1466 fuisse
597 1430 813 1477 compulsum
833 1430 962 1466 causam
983 1431 1076 1477 apud
1094 1431 1290 1477 episcopum
1307 1429 1405 1465 suum
1422 1441 1544 1475 agere,
1570 1442 1628 1467 aut
1652 1430 1676 1466 fi
1698 1431 1881 1479 episcopus

270 1479 349 1518 effet
362 1480 455 1527 apud
472 1479 643 1529 synodum
666 1481 882 1528 provinciae,
911 1481 965 1515 cui
984 1493 1137 1526 praeerat
1153 1479 1441 1526 metropolitanus
1460 1479 1660 1528 episcopus,
1687 1493 1745 1517 aut
1763 1480 1882 1519 saltem

268 1530 294 1568 fi
311 1531 451 1578 gravior
469 1528 546 1566 effer
559 1530 674 1572 causa,
702 1541 776 1566 tum
794 1530 890 1577 apud
907 1529 1086 1577 episcopos
1105 1529 1324 1577 provinciae,
1352 1540 1427 1564 tum
1445 1530 1537 1574 apud
1554 1531 1739 1572 finitimos,
1768 1544 1786 1566 a
1804 1532 1880 1577 qui·

269 1581 335 1618 bus
352 1581 536 1627 provocari
554 1580 699 1616 minime
714 1591 874 1628 poterat:
911 1580 1005 1624 quod
1032 1590 1070 1614 ut
1098 1579 1309 1626 probemus,
1335 1577 1465 1625 fingula
1492 1582 1645 1628 exempla
1668 1580 1880 1629 judiciorum

270 1630 587 1671 :celmanicorum
615 1642 688 1668 tum
704 1631 872 1679 temporis
889 1628 1086 1666 habitorum
1108 1627 1343 1677 percurrenda
1366 1627 1452 1666 (unt.

927 1754 987 1795 De
1011 1754 1201 1795 Marcione.

269 1867 472 1964 Primum
488 1877 798 1927 etantiquiffimum
823 1875 988 1926 judicium
1005 1903 1015 1916 ,
1060 1877 1155 1926 cujus
1182 1884 1268 1912 extat
1292 1879 1474 1921 memoria,
1511 1879 1620 1915 latum
1650 1875 1696 1912 est
1720 1874 1880 1917 adversus

393 1930 608 1965 Marcionem
626 1944 636 1964 .-
662 1930 691 1964 is
712 1928 890 1963 damnatus
907 1941 926 1964 a
942 1940 1039 1975 patre
1057 1928 1136 1970 suo,
1163 1929 1307 1963 Romam
1336 1928 1412 1974 post
1438 1929 1574 1977 Hygini
1598 1939 1704 1975 pagae
1728 1937 1879 1962 mortem

267 1978 437 2025 confugit.
474 1979 567 2014 Hinc
583 1978 809 2014 Bellarminus
832 1977 890 2013 lib.
913 1991 944 2015 2.
963 1978 1004 2013 de
1019 1982 1071 2015 Ro
1094 2000 1118 2015 ·.
1137 1975 1298 2024 pontifice
1318 1978 1589 2023 adpellationum
1603 1976 1700 2012 usum
1717 1987 1797 2012 runc
1816 1975 1877 2012 ob-

268 2027 404 2066 tinuiss'e
419 2027 482 2062 fibi
500 2027 609 2074 fingit.
635 2030 767 2063 Verum
783 2026 913 2063 aberrat
931 2039 1005 2064 toto
1023 1991 1131 2069 cae-qb,
1158 2038 1216 2061 nec
1234 2027 1324 2061 enim
1341 2029 1499 2074 Marcion
1520 2028 1620 2075 petiit
1637 2024 1767 2062 causam
1783 2023 1876 2062 suam

269 2079 398 2116 Romae
413 2075 588 2114 retraffiari
605 2103 613 2118 ,
640 2089 697 2112 aut
716 2078 757 2111 de
772 2077 909 2123 integro
924 2078 1085 2124 judicari,
1113 2075 1166 2112 sed
1185 2087 1317 2112 tantum
1340 2076 1540 2122 deprecatus
1558 2076 1603 2112 est
1619 2076 1703 2111 sein
1722 2087 1876 2111 commu·

269 2130 411 2166 aionem
427 2128 544 2174 recipi.
598 2127 690 2172 Quid
713 2138 796 2162 vero
815 2137 887 2161 tum
907 2126 989 2162 fecit
1008 2126 1139 2162 ecclesia
1155 2129 1327 2165 Romana,
1354 2140 1395 2161 nn
1415 2128 1588 2174 arrogavit
1606 2125 1666 2160 fibi
1682 2125 1736 2172 jus
1751 2123 1874 2159 rescin-

270 2178 374 2215 dendi
394 2177 530 2225 judicii,
558 2189 617 2212 aut
636 2175 753 2212 causae
768 2175 1027 2213 retrassandae?
1053 2175 1154 2213 Nihil
1178 2176 1313 2219 minus;
1339 2175 1405 2212 hoc
1424 2178 1515 2213 enim
1538 2190 1557 2210 a
1574 2173 1786 2214 senioribus,
1815 2172 1876 2218 qui

267 2240 344 2267 tum
362 2230 488 2264 Romae
511 2237 606 2263 erant
622 2251 631 2269 ‚
659 2226 853 2275 Epiphanio
873 2226 954 2262 teste
972 2253 981 2269 ‚
1008 2228 1062 2263 cui
1087 2225 1188 2274 hujus
1214 2227 1266 2261 rei
1291 2228 1493 2262 memoriam
1521 2225 1683 2260 debemus
1699 2249 1707 2264 ,
1734 2223 1875 2268 respon-

267 2279 344 2318 sum
363 2277 439 2319 tulit
453 2277 633 2328 Marcion:
651 2277 721 2315 Nos
738 2276 867 2327 injuffu
884 2276 1072 2326 venerandi
1081 2279 1200 2328 patris
1221 2278 1277 2315 tui
1283 2279 1406 2326 facere
1419 2275 1509 2316 illud
1524 2287 1592 2315 non
1603 2274 1876 2373 PfflmrEr’cium
