<?xml version="1.0" encoding="UTF-8"?>
<!DOCTYPE html PUBLIC "-//W3C//DTD XHTML 1.0 Transitional//EN"
    "http://www.w3.org/TR/xhtml1/DTD/xhtml1-transitional.dtd">
<html xmlns="http://www.w3.org/1999/xhtml" xml:lang="en" lang="en">
 <head>
  <title>
</title>
<meta http-equiv="Content-Type" content="text/html;charset=utf-8" />
  <meta name='ocr-system' content='tesseract 3.04.00' />
  <meta name='ocr-capabilities' content='ocr_page ocr_carea ocr_par ocr_line ocrx_word'/>
</head>
<body>
  <div class='ocr_page' id='page_1' title='image "./deantiquaecclesi00dupiuoft_0503.png"; bbox 0 0 2001 2733; ppageno 0'>
   <div class='ocr_carea' id='block_1_1' title="bbox 302 216 1664 267">
    <p class='ocr_par' dir='ltr' id='par_1_1' title="bbox 302 216 1664 267">
     <span class='ocr_line' id='line_1_1' title="bbox 302 216 1664 267; baseline 0.002 -14"><span class='ocrx_word' id='word_1_1' title='bbox 302 216 810 255; x_wconf 63' lang='lat' dir='ltr'>mssmvra&#39;rmmzs</span> <span class='ocrx_word' id='word_1_2' title='bbox 844 216 1218 256; x_wconf 71' lang='lat' dir='ltr'>ms&#39;rochE.</span> <span class='ocrx_word' id='word_1_3' title='bbox 1244 220 1406 256; x_wconf 69' lang='lat' dir='ltr'>oxssm.</span> <span class='ocrx_word' id='word_1_4' title='bbox 1435 220 1516 256; x_wconf 84' lang='lat' dir='ltr'>vu.</span> <span class='ocrx_word' id='word_1_5' title='bbox 1593 230 1664 267; x_wconf 75' lang='lat'>475</span> 
     </span>
    </p>
   </div>
   <div class='ocr_carea' id='block_1_2' title="bbox 86 304 1722 850">
    <p class='ocr_par' dir='ltr' id='par_1_2' title="bbox 86 304 1722 850">
     <span class='ocr_line' id='line_1_2' title="bbox 97 304 1717 356; baseline 0.002 -16"><span class='ocrx_word' id='word_1_6' title='bbox 97 314 231 352; x_wconf 83' lang='lat' dir='ltr'>gerunt,</span> <span class='ocrx_word' id='word_1_7' title='bbox 255 314 290 340; x_wconf 88' lang='lat' dir='ltr'>et</span> <span class='ocrx_word' id='word_1_8' title='bbox 300 317 383 351; x_wconf 83' lang='lat' dir='ltr'>quas</span> <span class='ocrx_word' id='word_1_9' title='bbox 401 307 553 352; x_wconf 81' lang='lat' dir='ltr'>attigere,</span> <span class='ocrx_word' id='word_1_10' title='bbox 582 317 635 341; x_wconf 88' lang='lat' dir='ltr'>eas</span> <span class='ocrx_word' id='word_1_11' title='bbox 652 304 857 353; x_wconf 73' lang='lat' dir='ltr'>plerumque</span> <span class='ocrx_word' id='word_1_12' title='bbox 874 304 941 342; x_wconf 81' lang='lat' dir='ltr'>sine</span> <span class='ocrx_word' id='word_1_13' title='bbox 952 305 1074 343; x_wconf 85' lang='lat' dir='ltr'>ordine</span> <span class='ocrx_word' id='word_1_14' title='bbox 1092 319 1128 343; x_wconf 86' lang='lat' dir='ltr'>ac</span> <span class='ocrx_word' id='word_1_15' title='bbox 1144 305 1311 344; x_wconf 85' lang='lat' dir='ltr'>methodo</span> <span class='ocrx_word' id='word_1_16' title='bbox 1328 306 1596 355; x_wconf 69' lang='lat' dir='ltr'>pertrastarunt,</span> <span class='ocrx_word' id='word_1_17' title='bbox 1624 306 1717 356; x_wconf 77' lang='lat' dir='ltr'>saepe</span> 
     </span>
     <span class='ocr_line' id='line_1_3' title="bbox 96 354 1720 404; baseline 0.003 -15"><span class='ocrx_word' id='word_1_18' title='bbox 96 356 196 390; x_wconf 88' lang='lat' dir='ltr'>etiam</span> <span class='ocrx_word' id='word_1_19' title='bbox 220 354 307 390; x_wconf 86' lang='lat' dir='ltr'>aestu</span> <span class='ocrx_word' id='word_1_20' title='bbox 335 355 573 402; x_wconf 85' lang='lat' dir='ltr'>disputationis</span> <span class='ocrx_word' id='word_1_21' title='bbox 599 356 636 390; x_wconf 88' lang='lat' dir='ltr'>in</span> <span class='ocrx_word' id='word_1_22' title='bbox 654 354 899 391; x_wconf 68' lang='lat' dir='ltr'>controversias</span> <span class='ocrx_word' id='word_1_23' title='bbox 914 356 1136 404; x_wconf 86' lang='lat' dir='ltr'>personarum</span> <span class='ocrx_word' id='word_1_24' title='bbox 1154 357 1296 404; x_wconf 89' lang='lat' dir='ltr'>abrepti.</span> <span class='ocrx_word' id='word_1_25' title='bbox 1351 360 1432 394; x_wconf 90' lang='lat' dir='ltr'>Huc</span> <span class='ocrx_word' id='word_1_26' title='bbox 1448 358 1593 397; x_wconf 75' lang='lat' dir='ltr'>accedit,</span> <span class='ocrx_word' id='word_1_27' title='bbox 1622 357 1720 404; x_wconf 75' lang='lat' dir='ltr'>quod</span> 
     </span>
     <span class='ocr_line' id='line_1_4' title="bbox 92 403 1722 454; baseline 0.004 -17"><span class='ocrx_word' id='word_1_28' title='bbox 92 403 252 439; x_wconf 81' lang='lat' dir='ltr'><strong>nonnulli</strong></span> <span class='ocrx_word' id='word_1_29' title='bbox 268 417 307 440; x_wconf 88' lang='lat' dir='ltr'>ex</span> <span class='ocrx_word' id='word_1_30' title='bbox 322 405 425 441; x_wconf 83' lang='lat' dir='ltr'>iis&#39;de</span> <span class='ocrx_word' id='word_1_31' title='bbox 443 404 574 440; x_wconf 85' lang='lat' dir='ltr'>ecclesia</span> <span class='ocrx_word' id='word_1_32' title='bbox 591 417 660 441; x_wconf 92' lang='lat' dir='ltr'>non</span> <span class='ocrx_word' id='word_1_33' title='bbox 677 403 839 446; x_wconf 88' lang='lat' dir='ltr'>fuerunt,</span> <span class='ocrx_word' id='word_1_34' title='bbox 859 406 1104 452; x_wconf 79' lang='lat' dir='ltr'>erroribusque</span> <span class='ocrx_word' id='word_1_35' title='bbox 1121 405 1189 442; x_wconf 88' lang='lat' dir='ltr'>suis</span> <span class='ocrx_word' id='word_1_36' title='bbox 1208 406 1325 454; x_wconf 68' lang='lat' dir='ltr'>passim</span> <span class='ocrx_word' id='word_1_37' title='bbox 1343 407 1450 443; x_wconf 88' lang='lat' dir='ltr'>libros</span> <span class='ocrx_word' id='word_1_38' title='bbox 1464 407 1543 444; x_wconf 88' lang='lat' dir='ltr'>suos</span> <span class='ocrx_word' id='word_1_39' title='bbox 1561 405 1722 444; x_wconf 76' lang='lat' dir='ltr'><strong>infecere.</strong></span> 
     </span>
     <span class='ocr_line' id='line_1_5' title="bbox 94 452 1717 502; baseline 0.003 -14"><span class='ocrx_word' id='word_1_40' title='bbox 94 456 176 497; x_wconf 90' lang='lat' dir='ltr'>Quo</span> <span class='ocrx_word' id='word_1_41' title='bbox 201 452 257 493; x_wconf 81' lang='lat' dir='ltr'>fit,</span> <span class='ocrx_word' id='word_1_42' title='bbox 283 467 320 491; x_wconf 88' lang='lat' dir='ltr'>ut</span> <span class='ocrx_word' id='word_1_43' title='bbox 343 455 398 490; x_wconf 85' lang='lat' dir='ltr'>vix</span> <span class='ocrx_word' id='word_1_44' title='bbox 422 455 512 491; x_wconf 89' lang='lat' dir='ltr'>ullus</span> <span class='ocrx_word' id='word_1_45' title='bbox 533 453 679 502; x_wconf 86' lang='lat' dir='ltr'>scriptor</span> <span class='ocrx_word' id='word_1_46' title='bbox 696 454 738 490; x_wconf 84' lang='lat' dir='ltr'>ad</span> <span class='ocrx_word' id='word_1_47' title='bbox 757 454 937 502; x_wconf 86' lang='lat' dir='ltr'>theologos</span> <span class='ocrx_word' id='word_1_48' title='bbox 956 468 1071 492; x_wconf 85' lang='lat' dir='ltr'>return</span> <span class='ocrx_word' id='word_1_49' title='bbox 1088 454 1227 492; x_wconf 82' lang='lat' dir='ltr'>istarum</span> <span class='ocrx_word' id='word_1_50' title='bbox 1244 456 1355 493; x_wconf 86' lang='lat' dir='ltr'>adhuc</span> <span class='ocrx_word' id='word_1_51' title='bbox 1371 457 1474 493; x_wconf 80' lang='lat' dir='ltr'>rudes</span> <span class='ocrx_word' id='word_1_52' title='bbox 1490 457 1717 494; x_wconf 85' lang='lat' dir='ltr'>instituendos</span> 
     </span>
     <span class='ocr_line' id='line_1_6' title="bbox 93 503 1717 554; baseline 0.003 -16"><span class='ocrx_word' id='word_1_53' title='bbox 93 504 282 550; x_wconf 79' lang='lat' dir='ltr'>reperiatur</span> <span class='ocrx_word' id='word_1_54' title='bbox 309 503 465 541; x_wconf 88' lang='lat' dir='ltr'>idoneus.</span> <span class='ocrx_word' id='word_1_55' title='bbox 516 506 647 540; x_wconf 90' lang='lat' dir='ltr'>Utrum</span> <span class='ocrx_word' id='word_1_56' title='bbox 680 515 764 540; x_wconf 88' lang='lat' dir='ltr'>vero</span> <span class='ocrx_word' id='word_1_57' title='bbox 791 504 828 539; x_wconf 91' lang='lat' dir='ltr'>id</span> <span class='ocrx_word' id='word_1_58' title='bbox 855 506 1123 542; x_wconf 80' lang='lat' dir='ltr'>dissertationum</span> <span class='ocrx_word' id='word_1_59' title='bbox 1148 506 1338 543; x_wconf 88' lang='lat' dir='ltr'>nostrarum</span> <span class='ocrx_word' id='word_1_60' title='bbox 1363 505 1519 543; x_wconf 69' lang='lat' dir='ltr'>colleaio</span> <span class='ocrx_word' id='word_1_61' title='bbox 1545 507 1717 554; x_wconf 79' lang='lat' dir='ltr'>praestare</span> 
     </span>
     <span class='ocr_line' id='line_1_7' title="bbox 90 552 1716 603; baseline 0.002 -15"><span class='ocrx_word' id='word_1_62' title='bbox 90 552 208 600; x_wconf 79' lang='lat' dir='ltr'>poffir,</span> <span class='ocrx_word' id='word_1_63' title='bbox 238 565 307 589; x_wconf 90' lang='lat' dir='ltr'>non</span> <span class='ocrx_word' id='word_1_64' title='bbox 326 553 497 592; x_wconf 87' lang='lat' dir='ltr'>nostrum,</span> <span class='ocrx_word' id='word_1_65' title='bbox 514 552 569 589; x_wconf 85' lang='lat' dir='ltr'>sed</span> <span class='ocrx_word' id='word_1_66' title='bbox 585 554 745 589; x_wconf 60' lang='lat' dir='ltr'>alierum</span> <span class='ocrx_word' id='word_1_67' title='bbox 773 553 871 589; x_wconf 84' lang='lat' dir='ltr'>debet</span> <span class='ocrx_word' id='word_1_68' title='bbox 884 554 947 590; x_wconf 78' lang='lat' dir='ltr'>effe</span> <span class='ocrx_word' id='word_1_69' title='bbox 962 555 1139 602; x_wconf 79' lang='lat' dir='ltr'>judicium.</span> <span class='ocrx_word' id='word_1_70' title='bbox 1191 558 1272 592; x_wconf 85' lang='lat' dir='ltr'>Hoc</span> <span class='ocrx_word' id='word_1_71' title='bbox 1289 567 1400 592; x_wconf 88' lang='lat' dir='ltr'>unum</span> <span class='ocrx_word' id='word_1_72' title='bbox 1419 555 1586 592; x_wconf 74' lang='lat' dir='ltr'>affirmare</span> <span class='ocrx_word' id='word_1_73' title='bbox 1603 555 1716 603; x_wconf 85' lang='lat' dir='ltr'>poffu-</span> 
     </span>
     <span class='ocr_line' id='line_1_8' title="bbox 95 599 1715 649; baseline 0 -11"><span class='ocrx_word' id='word_1_74' title='bbox 95 615 192 641; x_wconf 81' lang='lat' dir='ltr'>mus,</span> <span class='ocrx_word' id='word_1_75' title='bbox 208 615 271 638; x_wconf 90' lang='lat' dir='ltr'>nos</span> <span class='ocrx_word' id='word_1_76' title='bbox 297 615 334 638; x_wconf 89' lang='lat' dir='ltr'>ea</span> <span class='ocrx_word' id='word_1_77' title='bbox 362 605 494 644; x_wconf 88' lang='lat' dir='ltr'>omnia,</span> <span class='ocrx_word' id='word_1_78' title='bbox 524 614 609 648; x_wconf 83' lang='lat' dir='ltr'>quae</span> <span class='ocrx_word' id='word_1_79' title='bbox 625 599 668 637; x_wconf 86' lang='lat' dir='ltr'>ad</span> <span class='ocrx_word' id='word_1_80' title='bbox 677 603 825 637; x_wconf 85' lang='lat' dir='ltr'>veritatis</span> <span class='ocrx_word' id='word_1_81' title='bbox 843 604 1099 649; x_wconf 70' lang='lat' dir='ltr'>inquisitionem</span> <span class='ocrx_word' id='word_1_82' title='bbox 1118 615 1150 639; x_wconf 91' lang='lat' dir='ltr'>et</span> <span class='ocrx_word' id='word_1_83' title='bbox 1169 606 1298 645; x_wconf 85' lang='lat' dir='ltr'>erroris</span> <span class='ocrx_word' id='word_1_84' title='bbox 1315 603 1555 641; x_wconf 87' lang='lat' dir='ltr'>refutationem</span> <span class='ocrx_word' id='word_1_85' title='bbox 1574 605 1715 640; x_wconf 77' lang='lat' dir='ltr'>necessa-</span> 
     </span>
     <span class='ocr_line' id='line_1_9' title="bbox 91 648 1711 700; baseline 0 -12"><span class='ocrx_word' id='word_1_86' title='bbox 91 654 144 688; x_wconf 88' lang='lat' dir='ltr'>ria</span> <span class='ocrx_word' id='word_1_87' title='bbox 170 651 269 688; x_wconf 89' lang='lat' dir='ltr'>nobis</span> <span class='ocrx_word' id='word_1_88' title='bbox 293 651 362 687; x_wconf 88' lang='lat' dir='ltr'>visa</span> <span class='ocrx_word' id='word_1_89' title='bbox 389 651 487 693; x_wconf 89' lang='lat' dir='ltr'>sunt,</span> <span class='ocrx_word' id='word_1_90' title='bbox 515 648 662 687; x_wconf 83' lang='lat' dir='ltr'>studiose</span> <span class='ocrx_word' id='word_1_91' title='bbox 686 662 719 686; x_wconf 87' lang='lat' dir='ltr'>et</span> <span class='ocrx_word' id='word_1_92' title='bbox 744 662 899 687; x_wconf 83' lang='lat' dir='ltr'>accurate</span> <span class='ocrx_word' id='word_1_93' title='bbox 923 652 1092 699; x_wconf 75' lang='lat' dir='ltr'>collegisse</span> <span class='ocrx_word' id='word_1_94' title='bbox 1119 665 1157 688; x_wconf 88' lang='lat' dir='ltr'>ac</span> <span class='ocrx_word' id='word_1_95' title='bbox 1180 656 1217 689; x_wconf 92' lang='lat' dir='ltr'>in</span> <span class='ocrx_word' id='word_1_96' title='bbox 1240 655 1399 691; x_wconf 88' lang='lat' dir='ltr'>ordinem</span> <span class='ocrx_word' id='word_1_97' title='bbox 1422 651 1584 700; x_wconf 80' lang='lat' dir='ltr'>digeffiffe</span> <span class='ocrx_word' id='word_1_98' title='bbox 1606 654 1711 699; x_wconf 86' lang='lat' dir='ltr'>idque</span> 
     </span>
     <span class='ocr_line' id='line_1_10' title="bbox 90 700 1713 753; baseline 0.001 -17"><span class='ocrx_word' id='word_1_99' title='bbox 90 701 161 736; x_wconf 85' lang='lat' dir='ltr'>fine</span> <span class='ocrx_word' id='word_1_100' title='bbox 178 701 277 743; x_wconf 80' lang='lat' dir='ltr'>odio,</span> <span class='ocrx_word' id='word_1_101' title='bbox 302 703 394 737; x_wconf 82' lang='lat' dir='ltr'>Deus</span> <span class='ocrx_word' id='word_1_102' title='bbox 411 701 500 736; x_wconf 85' lang='lat' dir='ltr'>testis</span> <span class='ocrx_word' id='word_1_103' title='bbox 521 700 582 742; x_wconf 85' lang='lat' dir='ltr'>est,</span> <span class='ocrx_word' id='word_1_104' title='bbox 611 711 670 737; x_wconf 89' lang='lat' dir='ltr'>aut</span> <span class='ocrx_word' id='word_1_105' title='bbox 687 700 892 737; x_wconf 74' lang='lat' dir='ltr'>adulatione.</span> <span class='ocrx_word' id='word_1_106' title='bbox 945 701 1077 745; x_wconf 77' lang='lat' dir='ltr'>Quibus</span> <span class='ocrx_word' id='word_1_107' title='bbox 1089 714 1228 749; x_wconf 78' lang='lat' dir='ltr'>parum,</span> <span class='ocrx_word' id='word_1_108' title='bbox 1265 713 1326 740; x_wconf 83' lang='lat' dir='ltr'>aut</span> <span class='ocrx_word' id='word_1_109' title='bbox 1343 703 1460 753; x_wconf 86' lang='lat' dir='ltr'>quibus</span> <span class='ocrx_word' id='word_1_110' title='bbox 1487 706 1629 740; x_wconf 84' lang='lat' dir='ltr'>nimium</span> <span class='ocrx_word' id='word_1_111' title='bbox 1660 707 1713 738; x_wconf 87' lang='lat' dir='ltr'>vi-</span> 
     </span>
     <span class='ocr_line' id='line_1_11' title="bbox 91 749 1709 802; baseline 0.002 -16"><span class='ocrx_word' id='word_1_112' title='bbox 91 749 242 792; x_wconf 83' lang='lat' dir='ltr'>debitur,</span> <span class='ocrx_word' id='word_1_113' title='bbox 272 761 309 786; x_wconf 93' lang='lat' dir='ltr'>ut</span> <span class='ocrx_word' id='word_1_114' title='bbox 327 750 512 798; x_wconf 80' lang='lat' dir='ltr'>Augustini</span> <span class='ocrx_word' id='word_1_115' title='bbox 532 750 644 785; x_wconf 85' lang='lat' dir='ltr'>verbis</span> <span class='ocrx_word' id='word_1_116' title='bbox 662 749 872 791; x_wconf 86' lang='lat' dir='ltr'>concludam,</span> <span class='ocrx_word' id='word_1_117' title='bbox 898 751 982 785; x_wconf 76' lang='lat' dir='ltr'>mihi</span> <span class='ocrx_word' id='word_1_118' title='bbox 999 753 1201 800; x_wconf 70' lang='lat' dir='ltr'>ignoscant5</span> <span class='ocrx_word' id='word_1_119' title='bbox 1229 752 1346 802; x_wconf 80' lang='lat' dir='ltr'>quibus</span> <span class='ocrx_word' id='word_1_120' title='bbox 1362 762 1475 792; x_wconf 80' lang='lat' dir='ltr'>autem</span> <span class='ocrx_word' id='word_1_121' title='bbox 1490 755 1546 791; x_wconf 83' lang='lat' dir='ltr'>vel.</span> <span class='ocrx_word' id='word_1_122' title='bbox 1551 754 1638 800; x_wconf 77' lang='lat' dir='ltr'>satis</span> <span class='ocrx_word' id='word_1_123' title='bbox 1655 753 1709 799; x_wconf 69' lang='lat' dir='ltr'>est,</span> 
     </span>
     <span class='ocr_line' id='line_1_12' title="bbox 86 800 1068 850; baseline 0 -10"><span class='ocrx_word' id='word_1_124' title='bbox 86 808 157 840; x_wconf 65' lang='grc' dir='ltr'>υοπ</span> <span class='ocrx_word' id='word_1_125' title='bbox 174 801 331 846; x_wconf 74' lang='lat' dir='ltr'>mihi-sed</span> <span class='ocrx_word' id='word_1_126' title='bbox 349 801 480 838; x_wconf 79' lang='lat' dir='ltr'>domino</span> <span class='ocrx_word' id='word_1_127' title='bbox 498 801 636 850; x_wconf 79' lang='lat' dir='ltr'>gratias</span> <span class='ocrx_word' id='word_1_128' title='bbox 651 800 923 849; x_wconf 69' lang='lat' dir='ltr'>congratulantes</span> <span class='ocrx_word' id='word_1_129' title='bbox 939 810 1068 850; x_wconf 45' lang='lat' dir='ltr'>agant}</span> 
     </span>
    </p>
   </div>
   <div class='ocr_carea' id='block_1_3' title="bbox 796 1310 1048 1355">
    <p class='ocr_par' dir='ltr' id='par_1_3' title="bbox 796 1310 1048 1355">
     <span class='ocr_line' id='line_1_13' title="bbox 796 1310 1048 1355; baseline 0.012 -3"><span class='ocrx_word' id='word_1_130' title='bbox 796 1310 1048 1355; x_wconf 83' lang='lat' dir='ltr'><strong><em>FINIS·</em></strong></span> 
     </span>
    </p>
   </div>
   <div class='ocr_carea' id='block_1_4' title="bbox 740 2279 1626 2337">
    <p class='ocr_par' dir='ltr' id='par_1_4' title="bbox 740 2279 1626 2337">
     <span class='ocr_line' id='line_1_14' title="bbox 740 2279 1626 2337; baseline 0.009 -8"><span class='ocrx_word' id='word_1_131' title='bbox 740 2290 773 2329; x_wconf 89' lang='lat' dir='ltr'>o</span> <span class='ocrx_word' id='word_1_132' title='bbox 791 2301 812 2329; x_wconf 84' lang='grc' dir='ltr'>ο</span> <span class='ocrx_word' id='word_1_133' title='bbox 837 2302 860 2330; x_wconf 85' lang='grc' dir='ltr'><strong>ο</strong></span> <span class='ocrx_word' id='word_1_134' title='bbox 888 2301 909 2326; x_wconf 67' lang='grc' dir='ltr'><strong><em>ι</em></strong></span> <span class='ocrx_word' id='word_1_135' title='bbox 1412 2279 1626 2337; x_wconf 78' lang='lat' dir='ltr'>INDEX</span> 
     </span>
    </p>
   </div>
  </div>
 </body>
</html>
