2022 2733
268 242 770 280 DISSERTATIONES
806 244 1437 283 HISTORICAE.D1ssrm.H.
1567 245 1639 289 233'

73 331 125 376 3¹.
135 331 305 374 contraria
325 328 391 373 fuit
409 331 559 366 ecclesiae
578 331 756 368 Africanae
773 332 964 380 disciplina,
993 345 1029 368 ut
1043 333 1187 369 ostendit
1197 335 1394 375 Sextilianus
1406 332 1583 380 episcopus
1602 332 1687 378 Afer

73 379 109 412 in
130 391 190 414 con
200 391 225 414 c.
252 386 289 423 55
301 381 449 425 generali
470 381 579 418 collat.
608 394 635 425 5.
656 394 677 416 t.
705 395 732 425 5.
750 394 841 417 conc.
863 383 925 418 col.
949 390 1030 425 480.
1058 395 1129 419 tum
1150 396 1187 418 ex
1204 396 1330 419 canone
1351 384 1485 419 concilii
1510 382 1678 419 Africani.

74 429 108 462 in
128 441 196 472 quo
213 428 371 464 statutum
390 442 459 464 erat
476 431 515 465 de
532 433 689 478 episcopis
705 431 885 476 defunfffis,
902 436 960 480 qui
976 433 1154 468 haereticis
1164 436 1244 478 suas·
1255 435 1444 480 facultater
1466 435 1680 480 reliquerim,

72 487 112 512 ut
126 478 195 524 post
211 489 345 514 mortem
365 481 572 515 anathemati
583 481 847 527 Jizly'icerentztr,
876 494 949 515 tum
972 484 1069 516 etiam
1090 495 1127 516 ex
1142 482 1301 527 pluribus
1327 481 1509 528 Augustini
1536 482 1684 517 testimo·

74 527 158 564 niis,
211 529 244 562 in
272 527 394 572 quibus
422 529 477 563 ille
494 531 540 563 ait
559 527 590 563 se
610 529 798 563 Caeciliano
819 541 849 575 et
867 531 1003 564 caeteris
1021 531 1280 575 antecessoribus
1299 532 1363 565 luis
1382 532 1556 567 anathema
1574 529 1683 567 digia-

36 616 39 618 ‚
74 588 161 616 rum,
182 576 202 611 si
224 576 353 611 ostendi
372 575 558 623 potuissent
574 578 757 612 criminum
775 578 834 612 rei.
889 577 984 612 Idem
1004 579 1183 613 orientales
1210 580 1357 623 probate
1375 582 1485 614 conati
1515 582 1597 621 lunt,
1624 580 1679 614 sed

74 637 143 660 non
163 638 229 660 tam
248 639 364 672 aperte
382 625 554 667 fecerunt3
583 639 658 661 nam
677 628 730 661 vix
749 639 856 662 unum
873 639 905 662 et
931 626 1074 662 alterum
1095 628 1287 673 exemplum
1306 627 1467 675 proferre
1491 642 1681 674 potuerunt

74 676 293 710 anathematis
312 677 345 710 in
369 687 525 710 mortuos
545 676 622 715 lati,
651 686 682 710 et
701 676 838 720 quidem
857 689 876 712 a
893 677 1049 723 privatis,
1069 688 1106 712 ut
1125 691 1140 712 a
1158 677 1322 712 Rambula
1354 688 1384 712 et
1408 679 1540 724 Cyrillo
1569 692 1636 714 non
1661 693 1679 715 ,ι

55 718 222 771 ”synodm
251 736 408 770 poterant
425 737 533 760 tamen
555 725 601 759 uti
620 724 852 773 Chrysostomi
871 738 902 762 et
922 726 1070 761 Flaviani
1090 726 1269 772 exemplis,
1289 739 1373 771 quae
1383 740 1564 772 perperam
1581 730 1681 772 Vigi-

0 851 13 858 ψ

73 774 137 809 lius
163 774 356 809 adducebat.
411 777 503 809 Nam
526 775 604 811 licet
626 775 676 809 illi
702 777 736 810 in
763 777 1005 811 communione
1033 776 1184 812 ecclesiae
1209 778 1378 811 Romanae
1406 780 1531 812 mortui
1548 776 1681 815 forent.

78 835 172 859 erant
193 834 304 858 tamen
324 825 451 858 mortui
469 836 559 859 extra
575 825 851 860 communionem
871 824 1110 871 orientalium,
1138 836 1170 861 et
1187 825 1412 861 nihilominus
1433 828 1479 861 eis
1496 828 1572 873 post
1590 828 1685 863 mor-

76 885 144 908 tem
165 872 205 908 ab
225 872 305 919 ipsis
324 874 545 912 orientalibus
565 874 696 909 reddita
711 876 929 916 communio,
984 888 1180 921 nomenque
1206 887 1327 910 eorum
1354 876 1526 924 dypthicis
1553 878 1688 923 adposi-

76 926 170 958 tum(
215 925 255 958 Et
271 923 375 971 paulo
394 934 469 957 ante
487 925 657 969 Origenes
673 937 690 971 a
707 927 838 959 Menna
856 925 1033 960 damnatus
1059 924 1171 960 fuerat
1196 925 1254 960 diu
1281 923 1357 971 post
1381 938 1537 961 mortem.
1593 931 1687 963 Pote·

63 971 150 1007 *rant
161 969 242 1007 item
252 985 395 1007 canones
406 970 537 1021 aliquot
548 973 758 1020 synodorum
769 972 937 1020 proferre,
961 974 1086 1018 quibus
1105 975 1251 1022 jubetur,
1264 976 1366 1012 otiis,
1388 977 1686 1021 quipoenitentiae

77 1033 234 1067 tempore
247 1022 418 1061 excedunt,
437 1023 637 1063 communio
655 1021 772 1063 detur,
824 1023 1096 1058 commendando
1122 1023 1246 1058 scilicet
1268 1035 1386 1059 eorum
1405 1027 1626 1067 memoriam,
1657 1038 1690 1062 et

78 1068 280 1116 acc‘1piendo
300 1070 489 1105 oblationes
509 1083 575 1116 pro
595 1069 804 1114 illisfixfflas,
855 1072 921 1106 hoc
944 1071 1100 1107 statuitur
1124 1085 1149 1108 c.
1170 1084 1226 1115 79.
1256 1073 1387 1106 concilii
1414 1075 1688 1119 carthaginensis

79 1120 210 1165 quarti..
235 1122 445 1167 poenitentes
462 1124 520 1167 qui
541 1129 671 1154 attente
690 1121 778 1167 leges
795 1123 1026 1165 poenitentiae
1052 1123 1292 1169 exsequuntur,
1337 1122 1367 1168 fi
1393 1125 1468 1167 casu
1494 1127 1530 1159 in
1557 1128 1687 1162 itinere

79 1171 186 1204 vel¹in
204 1171 290 1212 mari
307 1171 433 1210 mortui
442 1171 605 1214 fuerint,
633 1177 672 1202 ut
689 1172 736 1203 eis
745 1168 926 1214 subveniri
945 1182 1010 1204 non
1025 1171 1138 1218 poffit,
1166 1173 1323 1206 memoria
1341 1183 1452 1206 eorum
1477 1176 1687 1211 orationibus

77 1227 112 1253 et
126 1216 347 1252 oblationibus
363 1218 612 1251 commendetur.
667 1220 751 1250 Item
770 1218 880 1251 arelat.
903 1230 932 1253 2.
951 1230 977 1253 c.
995 1231 1006 1250 1
1018 1231 1047 1252 2.
1100 1219 1155 1253 De
1172 1220 1231 1257 his.
1251 1223 1310 1266 qui
1329 1222 1364 1254 in
1378 1224 1590 1265 poenitentia
1605 1226 1688 1271 post-

79 1264 110 1302 ti
130 1268 203 1300 vita
223 1265 448 1310 excefferunt,
473 1266 602 1310 placuit
618 1265 744 1298 nullum
760 1268 981 1299 communione
997 1277 1136 1301 vacuum
1152 1266 1270 1301 debere
1298 1267 1447 1308 dimitti,
1477 1271 1543 1313 sed
1564 1284 1627 1317 pro
1654 1287 1691 1310 ρο

65 1308 164 1368 :Quod
179 1315 359 1358 honoravit
373 1315 631 1360 poenitentiam,
649 1310 774 1347 oblatio
803 1314 896 1348 illius
914 1315 1139 1361 suscipiatur.
1191 1315 1285 1349 Idem
1312 1314 1469 1351 statuitur
1487 1319 1521 1351 in
1542 1322 1690 1357 concilio

66 1358 209 1413 ‚yal'ehfi
228 1363 389 1409 primozc.
412 1374 441 1398 2.
470 1360 738 1396 Antifiodorenfi
757 1374 785 1397 c.
805 1374 834 1406 7.
864 1362 1053 1408 Epaonensi
1075 1363 1207 1399 ultimo.
1237 1376 1267 1398 2.
1286 1365 1399 1400 Tolet.
1418 1377 1443 1400 c.
1460 1379 1514 1401 12.
1530 1373 1688 1409 2.Aure},

67 1407 105 1465 {c}
120 1408 184 1456 ⁴1¹4.
241 1410 342 1456 Quod
361 1410 382 1446 si
404 1408 608 1446 communiov
620 1410 750 1446 restitui
778 1411 888 1457 potest
915 1412 1173 1457 quodammodo
1199 1415 1343 1449 mortuis
1367 1427 1432 1461 per
1455 1420 1688 1463 acceptionem

69 1459 295 1508 ,oblationum
315 1474 388 1507 pror
402 1456 467 1503 illis
484 1458 671 1501 fustinum,
700 1473 830 1495 necnon
851 1474 914 1507 per
932 1461 1171 1498 sacrificiorum
1190 1475 1226 1497 ac
1243 1475 1386 1508 precum
1409 1464 1686 1511 celebrationem3

67 1503 143 1555 ,eun
161 1525 229 1557 non
246 1511 374 1558 poterit
389 1511 469 1544 item
487 1507 633 1544 mortuis
649 1511 848 1544 communio
868 1511 941 1546 data
959 1508 1272 1558 auferrianalogice
1288 1512 1429 1554 scilicet,
1458 1516 1552 1559 quod
1565 1516 1613 1552 eff
1624 1531 1693 1554 era-

73 1557 161 1604 ¹dere
177 1574 302 1598 nomen
322 1560 391 1606 ejus
412 1572 429 1593 e
448 1558 636 1606 dypthicis,
689 1556 851 1593 sacrificia
874 1572 905 1594 et
928 1573 1044 1606 preces
1061 1574 1127 1607 pro
1147 1575 1185 1596 eo
1205 1575 1276 1597 non
1294 1563 1442 1609 amplius
1459 1563 1605 1607 offerre,
1658 1580 1690 1606 et

67 1607 256 1647 'anathema
272 1610 322 1644 illi
340 1608 451 1654 palam
470 1619 506 1641 ac
522 1608 683 1652 privatim
709 1606 907 1642 denuntiare
934 1610 975 1643 ad
999 1612 1185 1646 memoriae
1209 1612 1279 1659 ejus
1305 1613 1542 1657 ignominiam.
1597 1619 1692 1654 Hinc

75 1658 160 1706 ‚post
177 1659 345 1707 synodum
358 1655 627 1705 quintam'saepe
645 1657 789 1690 mortuis
809 1658 982 1692 anathema
999 1657 1128 1694 dietum
1141 1685 1150 1700 ,
1176 1672 1212 1695 ac
1228 1663 1300 1695 vice
1320 1661 1412 1696 versa
1427 1659 1688 1708 poenitentibus

83 1710 185 1743 etiam
206 1709 240 1743 in
260 1705 388 1742 ecclesia
405 1710 556 1754 Romana
574 1707 771 1740 communio
797 1705 873 1751 post
890 1717 1037 1752 mortem
1054 1709 1198 1745 reddita.
1249 1713 1343 1745 Nam
1368 1711 1401 1744 in
1429 1713 1576 1748 concilio
1596 1714 1691 1753 sexto

72 1752 308 1794 ‘oecumenico
328 1755 504 1792 anathema
518 1756 662 1790 mortuis
680 1754 725 1789 est
743 1753 871 1790 digium
884 1781 891 1795 ,
922 1758 1085 1801 ettquinti
1103 1759 1376 1804 conciliidecreta
1390 1761 1542 1805 primum
1554 1763 1588 1801 in
1600 1776 1633 1799 m
1662 1756 1692 1806 1-

71 1809 127 1855 ‚tis
141 1807 330 1848 occidentis
347 1805 433 1840 locis
452 1802 590 1852 rejeEla,
618 1804 722 1851 paulo
739 1804 815 1850 post
832 1804 959 1850 ubique
982 1804 1057 1841 sunt
1076 1819 1228 1853 recepta,
1255 1807 1478 1854 satagentibus
1496 1806 1694 1856 prae'sem'm

83 1857 245 1898 Romanis
262 1853 494 1902 pontificibus.
537 1890 539 1893 ,
1335 1896 1337 1899 Ι
1420 1890 1427 1893 q
1642 1857 1664 1865 ¹*

236 1904 329 1948 Quin
346 1906 446 1939 etiam
465 1916 503 1938 eo
521 1915 574 1937 res
586 1902 696 1940 rediit,
716 1915 752 1938 ut
771 1902 936 1939 absolutio
962 1905 1109 1939 mortuis
1125 1916 1222 1940 certa
1248 1906 1432 1942 verborum
1455 1907 1608 1947 formula
1634 1914 1693 1948 tri-

84 1956 265 1996 bueretur,
294 1965 332 1990 ut
344 1954 383 1989 de
399 1953 528 1988 Latinis
548 1950 723 1998 colligitur
741 1966 778 1988 ex
797 1955 996 1989 Innocentio
1015 1954 1113 1988 tertio
1145 1956 1180 1989 in
1205 1967 1307 2001 caput
1333 1966 1432 1993 extra
1461 1959 1500 1994 de
1518 1964 1691 2005 sententia

61 1999 64 2002 ⁴
85 2006 432 2042 excommunicationis
449 2014 480 2037 et
499 2014 536 2036 ex
552 2003 700 2046 antiquis
718 2001 988 2039 sacramentariis.
1040 2005 1092 2039 De
1109 2004 1248 2039 Graecis
1258 2017 1338 2040 vero
1356 2019 1392 2040 ex
1411 2006 1551 2044 illorum
1567 2009 1692 2047 eucho-

85 2048 206 2101 lo‘giis‚
234 2053 292 2088 ubi
309 2053 478 2088 orationes
497 2050 661 2087 habentur
680 2052 724 2086 ad
752 2054 881 2087 veniam
905 2054 950 2087 eis
978 2052 1241 2094 concedendam,
1277 2054 1514 2104 creditumque
1544 2059 1648 2105 vulgo
1674 2074 1692 2095 a

88 2103 263 2141 nonnullis
286 2116 347 2149 per
364 2101 458 2136 istam
478 2099 721 2136 absolutionem
741 2114 893 2137 mortuos
911 2102 951 2136 ab
972 2102 1139 2146 aliquibus
1158 2104 1277 2149 poenis
1297 2103 1453 2143 liberari,
1505 2120 1543 2143 ut
1568 2109 1691 2143 intelli.

90 2166 167 2200 gere
187 2151 232 2193 est
251 2165 290 2187 ex
308 2151 453 2196 dialogis
474 2151 637 2195 Gregorii
655 2152 793 2186 nomine
813 2151 995 2196 inscriptis,
1022 2151 1080 2186 ubi
1104 2153 1266 2189 nonnulla
1284 2152 1534 2195 absolutionum
1552 2157 1691 2196 istarum

91 2213 198 2238 extant
217 2201 368 2248 exempla
389 2199 517 2245 dialogi
537 2211 566 2233 2.
585 2211 656 2246 cap.
678 2211 731 2245 23.
751 2212 783 2235 et
801 2200 925 2247 dialogi
943 2212 976 2244 4.
996 2212 1023 2237 c.
1049 2213 1101 2245 55.
1157 2202 1290 2244 Quibus
1310 2202 1418 2238 (imile
1435 2204 1690 2250 estillud‚quod

92 2248 197 2286 refert
213 2254 359 2298 Joannes
378 2249 539 2297 diaconus
562 2249 596 2283 in
621 2249 691 2296 ejus
710 2251 795 2290 vita,
823 2250 882 2285 lib.
904 2263 932 2287 ι.
950 2262 1021 2296 cap.
1042 2261 1100 2294 45.
1128 2251 1191 2286 Sed
1209 2251 1329 2286 isthaec
1342 2252 1510 2297 persuasio
1527 2267 1609 2289 vana
1619 2266 1690 2290 om-

94 2299 179 2335 nino
198 2298 260 2341 est,
285 2312 345 2337 nec
364 2297 442 2336 istae
459 2297 690 2336 absolutiones
707 2311 764 2337 aut
778 2299 1140 2336 excommunicationes
1157 2302 1287 2339 animae
1305 2298 1622 2352 dethnssiprodeffe
1632 2317 1691 2341 aut

888 2350 921 2386 G
948 2361 970 2396 g
1581 2365 1643 2397 no:
