1992 2739
298 223 344 256 24
556 208 627 244 ni:
653 204 931 249 ANTIQUA
957 203 1228 240 nce-asma
1262 200 1605 240 mscn’mNA

250 314 356 344 tates,
382 310 482 350 atque
510 310 563 335 eas
582 295 722 343 ecclaefias
739 293 870 341 visitem
898 305 980 343 quas
996 291 1127 339 oppidis
1137 293 1210 338 suis
1225 296 1334 342 magis
1350 296 1479 329 vicinat
1497 292 1561 339 effe
1579 291 1786 338 constiterit:
1815 294 1869 329 iu

247 368 287 394 m
312 364 464 390 memores
482 348 722 385 unanimitatis
738 353 839 393 atque
857 341 1053 379 concordiae
1066 354 1140 378 ⁴mm
1161 343 1248 378 alter
1274 345 1418 380 alterum
1433 345 1566 391 longius
1576 341 1643 389 fibi
1660 342 1868 390 usurpando,

247 407 336 458 quod
355 403 397 450 est
417 403 478 436 alii
494 400 638 447 propius
656 397 834 444 inquietet.

351 455 447 488 Haec
470 448 607 485 concilii
631 445 796 483 sententia
814 443 884 479 duo
902 441 1069 486 continet3
1095 440 1236 477 alterum
1258 439 1383 478 summi
1398 439 1484 488 juris
1504 450 1543 475 ut
1558 439 1750 486 primatum
1767 439 1796 476 is
1812 439 1872 477 ob-

248 505 362 543 tineat,
378 502 438 547 qui
453 498 652 547 probaverit
667 496 839 532 civitatem
857 492 949 528 suam
965 490 1028 528 ess'e
1044 492 1286 539 metropolim:
1313 491 1455 526 alterum
1476 491 1649 536 ὅικονομίας,
1675 501 1712 525 ut
1729 491 1874 536 provin.

248 557 335 591 ciam
354 554 443 588 inter
461 549 492 585 se
514 549 715 596 partiantur,
732 556 763 579 et
782 545 1018 588 unusquisque
1034 542 1174 578 illorum
1194 543 1318 578 vicinas
1339 539 1398 575 fibi
1415 537 1570 587 subjiciat
1590 538 1754 580 ecclesias,
1777 539 1873 585 quod

249 606 291 641 ab
310 601 476 650 episcopis
496 596 624 634 faEium
642 596 696 637 est,
718 606 755 630 ut
775 594 836 629 hac
853 594 907 628 via
926 591 1061 629 facilius
1079 602 1264 638 utrumque
1281 591 1321 626 ad
1341 589 1561 625 concordiam
1581 600 1788 625 revocarent.
1817 592 1874 625 In-

250 652 446 699 telligebant
482 650 573 684 enim
600 643 925 681 demonstrationem
951 641 1194 689 metropolitici
1222 642 1305 689 juris
1341 639 1432 675 haud
1460 640 1505 674 ita
1531 637 1629 674 facile
1653 637 1727 674 fieri
1758 636 1868 686 poss'e.

249 706 383 740 Vienna
396 702 527 747 quippe
545 698 597 746 jus
615 695 701 732 illud
718 692 1011 740 metropoliticum
1030 692 1112 728 olim
1133 692 1339 731 obtinuerat,
1357 701 1395 725 ut
1410 702 1448 725 ex
1467 687 1619 725 Eusebio
1637 688 1797 736 colligere
1816 687 1873 727 est,
1894 700 1905 708 ‘

254 755 317 800 qui
346 751 466 787 urbem
494 746 588 784 istam
615 757 647 782 et
672 743 884 791 Lugdunum
908 742 1039 779 Galliae
1067 741 1279 789 metropoles
1304 751 1412 777 vocat.
1463 738 1527 775 Sed
1547 737 1690 775 success'u
1709 739 1876 785 temporis

251 802 406 840 eamdem
432 799 632 847 dignitatem
655 793 860 831 Arelatensis
883 793 998 828 civitas
1020 790 1188 828 ambiebat
1213 788 1464 826 aConstantino
1481 788 1598 824 multis
1615 786 1713 824 austa
1733 787 1877 835 privile-

252 856 329 901 giis.
358 854 475 894 Quum
491 849 597 895 igitur
616 845 658 881 de
675 845 750 894 jure
767 843 862 879 urbis
880 841 1109 889 metropolico
1123 841 1376 877 contentionem
1395 853 1464 875 non
1483 839 1692 874 mediocrem
1710 837 1787 874 fore
1808 849 1880 873 cer-

251 914 378 942 nerent,
406 899 596 948 prudenter
617 896 762 931 omnino
777 892 1031 933 consuluerunt,
1047 902 1086 926 ut
1100 892 1338 937 unusquisque
1356 888 1567 926 ecclesiarum
1586 888 1649 924 fibi
1666 889 1878 925 viciniorum

251 965 367 991 curam
410 960 526 986 ereret.

354 964 486 1036 Virum
512 997 598 1032 hanc
621 992 805 1040 sopiendae
832 987 1084 1026 controversiae
1110 989 1201 1023 viam
1229 1000 1297 1024 non
1325 985 1489 1022 admisere
1506 985 1642 1022 illarum
1662 984 1878 1022 ecclesiarum

255 1051 433 1100 episcopi,
459 1045 660 1094 praesertim
683 1055 765 1077 vero
792 1037 995 1076 Arelatenlis
1021 1036 1162 1076 ecclefia,
1191 1049 1279 1081 quae
1309 1037 1494 1082 primatum
1520 1037 1627 1074 totius
1644 1034 1879 1071 Narbonenfi,

255 1100 395 1140 ῐι-είὶυς,
423 1109 454 1133 et
477 1095 616 1142 septem,
637 1103 721 1137 quae
738 1091 772 1125 in
791 1102 829 1124 ea
847 1099 951 1129 erant,
969 1086 1231 1134 provinciarum
1249 1085 1379 1121 ambire
1398 1097 1467 1119 non
1488 1084 1623 1121 destitit.
1675 1086 1770 1120 Extat
1787 1084 1881 1131 apud

255 1147 478 1189 Sirmondum
497 1147 532 1180 in
547 1143 636 1179 notis
653 1140 694 1177 ad
717 1139 898 1176 Sidonium
921 1149 1001 1184 pag.
1028 1147 1106 1179 147.
1158 1133 1307 1170 edistum
1335 1135 1489 1170 Honorii
1508 1134 1549 1169 ad
1570 1135 1771 1169 Petronium
1787 1146 1878 1169 anno

255 1208 339 1246 418·
358 1199 464 1233 latum
477 1221 485 1235 ,
512 1195 548 1229 in
570 1204 640 1237 quo
657 1187 856 1225 Arelatenlis
875 1188 992 1221 civitas
1014 1184 1142 1229 septem
1163 1185 1423 1230 provinciarum
1445 1183 1577 1217 Galliae
1596 1183 1799 1229 metropolis
1817 1182 1880 1218 effe

255 1252 392 1287 dicitur.
447 1244 542 1279 Idem
560 1236 744 1275 Arelatensi
764 1235 927 1282 episcopo
945 1233 1171 1280 privilegium
1185 1231 1349 1267 tribuerat
1363 1232 1518 1266 Sozimus
1536 1231 1627 1278 epist.
1643 1232 1726 1277 5.ad
1745 1233 1883 1267 univer·

255 1300 312 1337 sos
331 1294 509 1344 episcopos
523 1302 584 1338 per
602 1287 729 1323 Gallias
747 1297 778 1321 et
793 1284 917 1331 septem
935 1283 1143 1331 provincias.
1184 1284 1243 1316 ‚At
1260 1280 1456 1316 Bonifacius
1473 1281 1507 1314 in
1529 1293 1579 1327 ep.
1595 1293 1622 1325 3.
1643 1281 1685 1316 ad
1704 1281 1880 1317 Hilarium

257 1342 522 1387 Narbonensem
542 1338 698 1385 queritur
716 1337 751 1371 in
769 1333 900 1370 ecclesia
916 1329 1092 1368 Lutevenfi
1104 1356 1112 1371 ,
1139 1343 1226 1376 quae
1242 1329 1299 1366 fita
1317 1329 1362 1365 est
1381 1331 1415 1365 in
1433 1331 1546 1376 prima
1562 1330 1779 1366 Narbonenfi
1796 1342 1880 1377 pro-

260 1400 388 1437 vincia,
416 1390 636 1429 constitutum
662 1384 723 1421 effe
747 1384 946 1432 episcopum
971 1395 989 1417 a
1011 1381 1168 1416 Patroclo
1184 1378 1367 1415 Arelatensi
1385 1377 1578 1414 inconsulto
1596 1379 1876 1426 metropolitano,

260 1453 338 1494 Qua
354 1444 495 1490 quidem
512 1438 672 1475 sententia
688 1434 824 1471 rescidit
841 1434 966 1469 Sozimi
986 1431 1170 1466 decretum.
1224 1431 1304 1463 Huc
1322 1427 1442 1463 alludit
1452 1430 1522 1462 Leo
1539 1441 1593 1475 ep.
1616 1435 1671 1474 §39‘
1689 1441 1768 1465 cum
1785 1429 1881 1467 dicit.

258 1496 488 1548 privilegium
515 1488 602 1525 illud
624 1486 711 1535 quod
736 1498 757 1520 a
783 1484 858 1529 sede
876 1483 1054 1532 apostolica
1080 1479 1233 1515 Patroclo
1258 1476 1445 1523 videbatur
1464 1476 1528 1524 effe
1546 1479 1746 1527 comeffuvu,
1770 1478 1881 1527 postea

261 1549 395 1584 meliore
409 1543 582 1589 sententia
592 1536 761 1583 sublatum
777 1534 848 1581 effe.

362 1591 439 1630 Post
457 1587 647 1627 Patroclum
664 1585 744 1619 haec
763 1582 937 1618 contentio
954 1579 1012 1615 sub
1027 1574 1163 1614 Hilario
1180 1572 1365 1610 Arelatensi
1382 1574 1577 1618 recruduit;
1603 1577 1663 1622 qui
1681 1573 1880 1623 ProjeEium

259 1658 291 1682 et
310 1642 526 1681 celidonium
545 1636 725 1683 episcopos
742 1629 993 1669 Narbonensis,
1021 1640 1059 1662 ur
1079 1624 1294 1672 probabilius
1310 1622 1373 1663 est,
1402 1626 1566 1672 regionis,
1592 1625 1788 1673 episcopatu
1804 1625 1882 1673 spo·

261 1696 375 1733 liavit,
402 1704 432 1727 et
449 1692 482 1725 in
501 1687 603 1734 hujus
623 1686 734 1720 locum
759 1682 863 1718 alium
881 1679 1055 1714 ordinavit
1074 1673 1286 1723 episcopum,
1307 1673 1538 1711 ordinationes
1559 1678 1705 1711 omnium
1715 1688 1782 1723 per
1799 1677 1883 1712 Gal-

263 1750 345 1785 11225,
376 1742 411 1778 id
438 1738 484 1775 est
508 1750 569 1785 per
589 1734 717 1782 septem
732 1727 966 1768 Narbonenfis
986 1727 1136 1773 regionis
1155 1723 1367 1771 provincias,
1394 1725 1596 1772 ecclefiarum
1612 1724 1675 1771 fibi
1692 1724 1880 1768 vindicans,

263 1808 301 1830 ut
329 1793 442 1838 inquit
465 1791 495 1824 S.
528 1791 597 1822 Leo
623 1797 676 1830 ep.
699 1790 766 1827 89.,
783 1780 824 1816 ad
844 1791 946 1825 quem
965 1777 1046 1813 haec
1065 1773 1161 1811 causa
1182 1773 1288 1810 delata
1305 1771 1360 1808 est.
1413 1776 1446 1809 Is
1470 1775 1611 1810 Hilario
1628 1772 1782 1810 infensus
1800 1774 1882 1812 haee

265 1845 336 1892 ejus
365 1840 436 1876 asia
456 1835 677 1884 reprehendit
694 1844 726 1867 et
748 1842 859 1865 acrem
877 1831 913 1864 in
930 1828 1043 1875 ipsum
1063 1823 1237 1872 epistolam
1255 1823 1298 1858 ad
1314 1823 1523 1859 Viennenses
1541 1822 1689 1870 scriplit,
1715 1825 1879 1870 impetra-

261 1894 380 1937 vitque
405 1904 422 1925 a
447 1886 687 1923 Valentiniano
716 1882 923 1927 imperatore
949 1876 1225 1913 constitutionem
1250 1873 1291 1908 ad
1310 1874 1447 1909 Aetium
1465 1872 1667 1920 magistrum
1684 1873 1827 1909 militiae
1843 1875 1880 1909 in

263 1943 397 1981 Galliis,
409 1952 474 1985 qua
490 1935 593 1985 jubet,
615 1945 651 1968 ut
662 1932 786 1968 Leonis
803 1940 912 1976 papae
929 1929 963 1962 in
979 1926 1155 1962 Hilarium
1173 1923 1235 1958 lata
1254 1921 1415 1958 sententia
1434 1921 1670 1969 exsequutioni
1688 1923 1880 1959 mandetur.

364 1989 504 2027 Hilario
536 1995 674 2020 mortuo
697 1980 891 2018 Ravennius
919 1976 953 2011 in
975 1977 1046 2025 ejus
1065 1976 1177 2011 locum
1195 1972 1370 2008 ordinatus
1392 1971 1453 2011 est,
1478 1973 1520 2008 ad
1543 1973 1636 2008 hunc
1653 1974 1809 2019 primum
1828 1971 1881 2008 lit·

263 2054 351 2080 teras
370 2033 677 2084 congratulatorias
695 2041 727 2065 et
744 2027 996 2064 benevolentiae
1011 2026 1126 2074 plenas
1145 2021 1234 2058 milit
1250 2024 1280 2057 S.
1299 2025 1379 2058 Leo.
1432 2025 1567 2058 Verum
1584 2023 1688 2069 paulo
1704 2021 1780 2069 post
1800 2035 1880 2058 cum

263 2089 416 2128 Vaseniis
443 2089 477 2122 in
504 2082 681 2132 provincia
707 2076 890 2115 Viennensi
917 2075 1097 2122 episcopus
1119 2085 1137 2107 e
1151 2072 1238 2107 vivis
1255 2070 1430 2106 excessisset
1443 2098 1451 2113 ‚
1478 2072 1514 2107 in
1533 2072 1604 2120 ejus
1622 2072 1733 2107 locum
1752 2075 1879 2107 Raven-

266 2144 343 2178 nius
373 2138 478 2174 alium
503 2133 662 2170 ordinare
690 2128 831 2165 tentavit
856 2125 1056 2162 antistitem:
1083 2123 1168 2158 hanc
1189 2122 1440 2157 ordinationem
1465 2133 1568 2168 aegre
1585 2121 1664 2157 tulit
1680 2120 1879 2156 Viennensis

263 2190 439 2239 episcopus
460 2197 492 2220 et
509 2182 628 2219 litteris
643 2178 685 2215 ad
702 2181 850 2215 Leonem
871 2174 971 2211 miffis
989 2175 1031 2210 de
1048 2172 1172 2220 injuria
1194 2170 1254 2206 fibi
1274 2168 1362 2206 fasta
1380 2170 1585 2216 conquestus
1605 2168 1659 2206 est.
1714 2169 1878 2217 Episcopi

263 2254 344 2278 vero
363 2234 512 2274 diversae
526 2232 635 2280 partis
655 2228 697 2264 ad
715 2231 862 2264 Leonem
877 2238 942 2272 pro
961 2221 1161 2261 Arelatenfis
1176 2220 1328 2256 ecclesiae
1347 2219 1513 2266 dignitate
1527 2219 1682 2255 libellum
1699 2217 1878 2257 miserunt.

263 2296 361 2329 Tum
387 2290 418 2326 S.
444 2289 512 2323 Leo
527 2280 694 2333 judicium
721 2277 783 2316 fibi
805 2276 847 2314 ab
866 2286 1010 2324 utraque
1023 2283 1122 2323 parte
1142 2270 1291 2309 delatum
1309 2268 1403 2308 ultro
1421 2268 1582 2318 suscepit,
1607 2268 1771 2315 litemque
1789 2268 1880 2305 dire-

1752 2331 1829 2359 mit.

1967 387 1992 420 U
