1982 2739
282 225 354 266 '300
479 214 550 251 nr.
577 209 855 253 ΑΝτιουΑ
879 204 1186 247 ΕεοιΕειΑΕ
1210 200 1546 246 ΒιεοιΡιῙΝΛ

329 302 534 352 Respondeo
551 301 605 337 hic
621 299 706 335 nihil
724 296 902 334 aNicolao
919 295 996 337 dici,
1014 308 1053 331 ex
1068 308 1138 342 quo
1156 293 1379 331 infallibilitas
1399 295 1520 332 deduci
1543 294 1654 343 poffit.
1706 296 1845 333 Privile-

235 358 324 404 legia
352 355 439 391 sedis
466 353 542 388 suae
565 349 796 386 commendat,
824 360 861 382 ea
886 344 1064 382 transferri
1091 347 1167 381 non'
1189 344 1303 392 posse,
1331 356 1362 380 et
1379 347 1414 380 in
1432 356 1608 381 aeternum
1626 345 1849 394 permansura

235 407 298 444 effe
316 406 413 442 dicit:
441 404 507 439 hoc
523 400 609 437 nihil
625 399 667 434 ad
690 396 967 433 infallibilitatem
983 395 1154 441 pontificis
1171 396 1328 430 Romani.
1389 398 1482 430 Nam
1499 394 1574 430 licet
1591 396 1757 432 ecclesiam
1773 398 1843 431 Ro-

237 468 371 495 manam
397 453 529 500 semper
555 448 727 486 subsistere
753 459 786 482 et
810 460 829 481 a
854 444 923 481 fide
949 447 1084 491 penitus
1103 457 1172 480 non
1191 443 1332 480 deficere
1349 443 1565 480 necessarium
1580 444 1637 484 fit,
1663 445 1754 481 haud
1771 445 1850 480 inde

240 508 395 552 sequitur
421 504 492 551 ejus
517 499 720 547 episcopum
744 498 780 531 in
810 507 964 531 errorem
982 495 1099 530 cadere
1117 507 1186 530 non
1205 492 1306 540 posse.
1359 493 1465 539 Quod
1484 505 1567 529 vero
1583 495 1678 530 addit
1697 497 1809 535 Petro,
1827 506 1847 529 a

239 569 309 604 quo
333 555 413 590 haec
436 551 612 599 privilegia
630 551 803 583 Romanae
821 544 890 580 sedi
918 543 995 580 sunt
1010 543 1138 584 collata,
1164 542 1297 578 distum
1321 541 1399 585 esse,
1428 552 1462 579 et
1485 552 1523 579 tu
1540 543 1700 587 confirma
1715 547 1851 592 fratres

240 618 329 646 tuos,
355 603 380 639 fi
403 601 569 650 probaret
592 596 719 643 aliquid
747 596 786 631 de
816 598 971 631 Romano
986 592 1163 639 pontifice,
1191 593 1352 639 probaret
1372 606 1449 628 eum
1469 605 1538 628 non
1554 591 1645 638 posse
1661 595 1694 628 in
1716 591 1852 639 culpam

242 656 371 692 cadere,
390 653 471 698 quin
489 648 736 697 poenitentiam
752 656 838 691 agat,
867 655 898 679 et
916 642 958 679 fic
981 655 1049 677 non
1068 642 1159 688 posse
1178 642 1348 677 damnari:
1375 643 1470 677 addit
1487 644 1574 676 enirn
1592 643 1757 678 Nicolaus
1778 639 1854 688 post

242 707 325 741 haec
346 703 465 738 verba:
495 709 526 736 et
553 708 592 734 tu
617 695 773 739 confirma
791 697 930 740 fratres
957 701 1044 732 tuos,
1062 692 1227 739 fiquidem
1250 700 1284 727 et
1313 695 1349 727 in
1365 693 1492 738 culpam
1510 692 1629 726 cecidit
1649 694 1787 732 Petrus,
1813 698 1862 726 ut-

238 754 500 806 sciret,qualiter
511 748 722 792 infirmitatis
735 746 877 778 aliorum
887 743 1037 787 misereri
1046 741 1256 780 deberenetc.
1282 743 1375 787 Ergo
1386 740 1408 775 fi
1421 740 1511 775 idem
1521 741 1743 787 privilegium
1755 740 1856 775 habe·

244 817 317 846 rem
334 800 529 839 successores
549 797 646 832 Petri,
666 793 760 838 quod
776 791 894 826 habuit
909 793 1047 831 Petrus,
1076 788 1369 824 haberennomnes
1386 789 1517 827 donum
1533 789 1797 835 perseverantiae
1815 787 1856 824 fi-

245 857 349 894 nalis:
386 851 460 891 sed,
497 860 533 882 ut
549 848 615 893 jam
635 844 722 882 dixi,
749 839 916 875 Nicolaus
937 852 976 873 ex
993 839 1047 873 his
1065 837 1216 884 probare
1231 839 1370 872 minime
1386 838 1460 873 vult
1478 837 1510 872 se
1529 850 1642 873 errare
1661 852 1732 874 non
1747 837 1855 885 posse,

245 909 302 946 sed
325 903 422 939 suum
453 896 534 935 effe,
561 891 821 929 sollicitudinem
852 887 1061 923 ecclesiarum
1087 888 1244 922 omnium
1269 900 1404 933 gerere,
1431 897 1463 921 et
1488 884 1609 922 fratres
1627 900 1689 934 per
1707 889 1777 923 vim
1796 899 1858 934 op·

244 954 372 1004 press'os
391 948 568 995 adjuvare:
596 941 768 986 colligitur
787 951 824 972 ex
841 935 1114 974 antecedentibus
1136 936 1258 972 verbis.
1308 937 1419 976 Haec,
1447 937 1578 981 inquit,
1605 938 1779 986 Ignatium
1795 949 1860 984 pa-

244 1003 429 1043 triarcham
453 997 545 1031 nulla
564 992 703 1041 regula,
732 990 887 1035 nulloque
904 986 1025 1021 ordine
1042 986 1195 1021 dift'ante
1212 985 1387 1032 dejeHum,
1413 994 1578 1033 tamquam
1589 989 1746 1033 fratrem
1763 986 1861 1033 adJ'u-

246 1065 328 1090 vare
353 1048 564 1095 compellunt:
591 1053 666 1076 nam
693 1042 786 1073 inter
809 1045 960 1076 caetera,
987 1039 1032 1076 is,
1049 1046 1116 1081 per
1132 1047 1224 1083 quem
1242 1034 1333 1070 nohis
1344 1038 1428 1080 sunt
1444 1036 1525 1070 haec·
1534 1037 1728 1085 privilegia
1741 1037 1860 1071 collata

240 1106 285 1153 fic
303 1097 483 1148 aliquando
502 1092 672 1135 conversus
691 1087 828 1123 audivit
845 1099 864 1120 a
882 1085 1024 1125 domino,
1054 1084 1211 1127 confirma
1227 1087 1362 1130 fratres
1382 1094 1455 1119 tuos
1471 1097 1478 1116 :
1507 1084 1567 1120 ubi
1585 1085 1702 1120 videre
1725 1083 1771 1119 est
1786 1085 1858 1131 pri-

247 1152 370 1198 vilegia
389 1151 558 1182 Romanae
578 1140 664 1175 sedis
685 1151 703 1173 a
719 1136 868 1172 Nicolao
889 1134 1124 1170 commendata
1143 1146 1184 1169 eo
1201 1145 1331 1169 tantum
1351 1132 1518 1180 spfflmre,
1545 1146 1583 1170 ut
1597 1137 1771 1170 Romanus
1790 1135 1865 1182 epi-

248 1203 372 1250 scopus
395 1196 565 1243 ignatium
583 1187 808 1237 patriarcham
834 1183 954 1231 injuste
981 1182 1149 1230 dejeekum
1168 1182 1270 1229 poffit
1287 1184 1456 1230 adjuvare.

350 1246 426 1283 Post
444 1245 524 1279 haec
542 1237 721 1288 profertur
738 1237 864 1270 Leonis
884 1237 951 1270 lx„
970 1236 1028 1278 qui
1048 1234 1135 1267 circa
1153 1245 1280 1267 annum
1301 1245 1402 1274 ¹050-
1421 1235 1606 1267 Romanam
1627 1231 1790 1267 ecclesiam
1808 1244 1860 1269 re-

250 1303 315 1340 xit,
341 1293 480 1339 epistola
504 1291 546 1325 ad
572 1292 708 1323 Petrum
735 1282 988 1318 Antiochenam
1016 1283 1152 1324 quinta,
1181 1281 1240 1315 ubi
1263 1281 1505 1315 commendans
1532 1280 1642 1315 sedem
1668 1284 1861 1317 Romanam·

251 1353 331 1386 haec
342 1345 456 1380 habet:
486 1340 659 1374 Nimirum
671 1335 758 1378 solus
771 1331 812 1370 eli
823 1331 952 1368 Petrus,
973 1341 1037 1374 pro
1055 1341 1128 1375 quo,
1145 1339 1186 1365 ne
1209 1327 1365 1369 deficeret
1375 1327 1462 1370 fides
1479 1330 1557 1375 ejus,
1587 1329 1735 1365 dominus
1753 1341 1786 1365 et
1799 1333 1863 1375 lal-

250 1407 352 1435 ναῖον
368 1392 510 1439 afferuit
522 1390 559 1432 Je
576 1383 717 1433 rog-affe,
743 1381 870 1433 dicens:
899 1379 1023 1426 rogavi
1035 1389 1100 1423 pro
1116 1385 1160 1413 te,
1187 1384 1257 1416 etc„
1275 1388 1358 1424 quae
1377 1376 1583 1412 venerabilis
1605 1388 1638 1413 et
1655 1379 1770 1423 efficax
1788 1393 1862 1415 ora·

254 1453 301 1485 tio
320 1444 482 1481 obtinuit,
506 1435 592 1482 quod
609 1433 763 1468 lme‘ienus
776 1428 862 1471 fides
881 1427 977 1462 Petri
994 1438 1058 1460 non
1074 1426 1199 1470 defecit
1211 1450 1219 1465 ‚
1244 1438 1302 1459 nec
1319 1426 1494 1469 defefiura
1513 1427 1668 1463 creditur
1685 1431 1723 1464 in
1742 1430 1863 1465 throno

253 1500 345 1534 imm
370 1501 470 1538 mque
494 1489 530 1521 in
547 1483 711 1529 saeculum
743 1477 880 1518 saeculi,
902 1475 965 1519 Jed
988 1472 1201 1515 confirmabit
1217 1473 1314 1507 corda
1325 1476 1484 1518 fratrum
1499 1478 1610 1511 variis
1628 1479 1868 1514 concutiendae

248 1547 334 1593 fidei
351 1531 665 1590 periclitationibus,
685 1528 769 1575 ficut
786 1534 1014 1571 usquequaque
1030 1521 1224 1564 confirmare
1242 1533 1307 1556 non
1324 1522 1471 1568 ccffavit.

349 1585 551 1635 Respondeo
571 1582 652 1615 haec
681 1575 784 1611 verba
812 1573 936 1607 Leonis
956 1574 1011 1605 lX.
1029 1583 1098 1605 non
1117 1568 1179 1604 effe
1199 1571 1244 1604 ita
1262 1568 1372 1605 striste
1391 1572 1602 1618 accipienda,
1631 1573 1718 1618 quafi
1737 1577 1862 1611 Roma..

255 1658 319 1681 nus
346 1636 500 1688 pontifex
519 1646 537 1667 a
552 1631 618 1665 fide
643 1625 780 1662 deficere
797 1635 867 1658 nor—1
888 1620 1011 1667 poffir3
1036 1620 1189 1665 ali-oquin
1209 1619 1396 1666 probarent
1411 1633 1488 1656 eum
1506 1634 1576 1657 non
1591 1633 1722 1658 tantum
1743 1625 1863 1660 docen-

257 1698 300 1732 do
319 1688 487 1727 ecclesiam
504 1692 616 1718 errare
633 1690 705 1713 non
722 1671 834 1722 posse,
862 1670 918 1706 sed
936 1682 996 1705 nec
1017 1668 1122 1704 fidem
1137 1681 1213 1704 eum
1231 1668 1326 1715 posse
1343 1671 1516 1706 amittere:
1543 1684 1613 1706 non
1633 1672 1790 1718 loquitur
1810 1687 1863 1710 er-

257 1757 300 1792 go
330 1742 370 1776 de
394 1735 538 1786 persona
562 1727 709 1765 Romani
734 1722 907 1770 epilcopi‚
935 1720 994 1755 sed
1018 1719 1059 1753 de
1074 1719 1208 1754 ecclesia
1224 1722 1391 1754 Romana:
1419 1720 1510 1756 unde
1526 1721 1561 1755 in
1577 1720 1716 1767 epistola
1733 1724 1774 1758 ad
1790 1726 1861 1759 Mi-

257 1793 401 1830 chaelem
428 1776 844 1824 Constantinopolitanum
872 1769 1099 1818 patriarcham
1129 1768 1285 1804 eumdem
1305 1768 1494 1815 scripturae
1511 1770 1625 1806 locum
1645 1771 1802 1818 aellgans,
1821 1786 1860 1808 ex

261 1857 302 1879 eo
321 1839 444 1887 probat
463 1834 565 1869 fidem
582 1829 671 1864 Petri
687 1838 758 1860 non
781 1820 991 1857 destituram
1006 1820 1043 1853 in
1060 1816 1213 1853 universa
1231 1817 1370 1853 ecclelia.
1429 1819 1571 1860 Taliter,
1600 1821 1723 1865 inquit,
1744 1824 1863 1866 sanHa

258 1891 380 1937 ecclefia
399 1891 505 1933 Juper
529 1883 682 1917 Petrum,
710 1875 745 1909 id
768 1870 828 1912 est,
859 1870 1021 1916 Christum
1044 1878 1076 1904 et
1091 1870 1198 1916 super
1222 1868 1363 1914 Cepkam
1385 1867 1498 1910 silium
1516 1870 1656 1904 hominis
1672 1870 1865 1913 aedificata,

259 1945 341 1991 quia
360 1938 467 1983 inferi
483 1933 594 1980 portis
606 1954 613 1968 ‚
642 1919 926 1971 disputationibus
940 1921 1068 1963 scilicet
1086 1919 1325 1953 haereticorum
1346 1919 1533 1953 nullatenus
1544 1921 1648 1965 foret
1665 1921 1864 1966 superanda,

249 1993 295 2041 fi‘
312 1989 489 2036 pollicetur
507 1982 579 2026 ipsa
597 1979 739 2014 veritas,
752 1979 873 2020 portae
888 1971 1001 2015 inferi
1019 1980 1081 2003 non
1103 1965 1352 2014 praevalebunt
1378 1967 1535 2012 adversus
1563 1979 1653 2012 eam5
1681 1971 1772 2016 cujus
1785 1983 1864 2017 pro-

261 2043 305 2077 mi
329 2039 414 2073 mnis
437 2031 588 2077 effefium
609 2027 646 2071 se
672 2020 865 2069 impetraffe
884 2016 1122 2065 apatrefilius
1137 2015 1360 2062 protestatur,
1389 2017 1527 2052 dicendo
1549 2017 1594 2051 ad
1619 2019 1776 2054 Petrum:
1804 2031 1866 2069 ego

257 2103 322 2138 pro
341 2096 373 2122 te
391 2083 533 2130 rogavi,
561 2085 620 2112 etc.
673 2072 755 2107 Erit
772 2081 851 2117 ergo
869 2070 1041 2117 quisquam
1057 2074 1173 2101 tantae
1194 2064 1391 2106 dementiae,
1418 2069 1477 2114 qui
1499 2069 1682 2102 orationem
1703 2069 1795 2103 illius
1811 2081 1867 2104 cu.

255 2142 314 2187 jus
329 2136 414 2171 velle
437 2130 477 2174 ‘’st
498 2127 604 2175 paffe,
633 2122 755 2157 audeat
774 2123 810 2154 in
834 2120 945 2164 aliquo
970 2128 1106 2151 vacuam
1120 2114 1271 2162 putare?
1296 2116 1416 2149 Nonne
1433 2128 1452 2148 a
1464 2116 1545 2159 sede
1557 2118 1725 2162 principis
1743 2117 1867 2164 aposto-

263 2191 388 2224 lorum,
414 2182 564 2217 Romana
589 2174 766 2209 videlicet,
793 2178 859 2203 tam
883 2178 945 2214 per
961 2165 1103 2201 eumdem
1120 2164 1255 2199 Petrum
1273 2176 1367 2211 quam
1380 2175 1443 2210 per
1457 2165 1533 2209 suos
1544 2165 1738 2210 ficcceffores
1755 2169 1867 2202 convi.

265 2238 317 2271 aa
335 2243 431 2282 atque
449 2233 647 2275 expugnata
659 2224 740 2266 sunt
760 2220 900 2252 omnium
920 2217 1162 2250 haereticorum
1181 2222 1356 2247 commenta
1370 2238 1378 2253 ,
1407 2221 1438 2247 et
1452 2216 1608 2259 fratrum
1626 2214 1727 2248 corda
1744 2217 1783 2250 in
1800 2214 1872 2258 fide

265 2287 378 2326 Petri,
406 2290 486 2331 quae
503 2272 660 2312 lzaHenus
680 2281 746 2317 neq
758 2267 904 2314 defecit.
930 2277 988 2301 nec
1006 2274 1103 2312 usque
1119 2262 1265 2307 infinem
1284 2261 1433 2306 deficiet,
1461 2263 1546 2310 sunt
1561 2262 1768 2306 confirmata.

1769 2314 1824 2349 Ex
