1961 2718
264 213 333 246 423
487 196 556 233 DE
591 192 870 240 ANTIQUA
895 189 1182 227 ECCLESIAE
1209 189 1553 229 DISCIPLINA

360 291 429 323 Leo
447 283 606 322 Ostiensis
625 284 804 331 Gregorio
825 281 968 327 septimo
986 276 1228 314 addistiffimus
1263 278 1321 313 lib.
1353 291 1382 323 3.
1401 291 1426 314 c.
1447 292 1503 324 24.
1533 290 1630 317 vocat
1655 292 1733 317 eum
1761 281 1828 321 eia-

211 340 304 376 tione
321 337 516 387 turgidum,
545 346 577 369 et
594 347 622 371 c.
639 341 698 380 43.
726 331 854 368 accusat
871 343 949 365 eum
969 327 1149 375 perfidiae,
1179 328 1272 373 quod
1291 328 1368 374 post
1385 331 1637 366 reconciliatum
1656 331 1716 366 fibi
1731 334 1827 367 Hen-

213 392 322 425 rieum
343 386 510 422 Matildae
530 384 698 422 consiliis,
726 381 910 428 quemdam
931 392 947 414 e
969 378 1035 414 suis
1059 378 1147 413 ultra
1166 390 1300 413 montes
1327 378 1478 424 dirigens
1501 392 1664 417 coronam
1688 383 1828 428 imperii

212 439 263 475 illi
280 436 428 473 miserit,
456 446 488 469 et
514 436 545 469 ei
567 432 727 468 adversus
745 433 988 477 imperatorem
1012 427 1232 463 rebellionem
1257 425 1405 463 suaserit.

361 484 565 531 Rodulphus
583 481 674 529 ipse,
702 482 763 527 qui
779 483 813 515 in
833 480 947 514 locum
967 479 1112 513 Henrici
1129 475 1288 512 suffetius
1306 475 1434 518 fuerat',
1462 477 1660 513 vulneratus
1678 480 1712 513 in
1731 487 1830 525 praei

210 539 278 578 lio,
307 535 411 582 paulo
428 546 502 568 ante
521 545 667 567 mortem
690 529 792 566 faffus
812 529 876 567 est,
904 528 935 563 se
954 525 1074 575 injuste
1097 529 1133 561 in
1162 528 1354 562 Henricum
1382 540 1420 561 ex
1442 526 1584 575 justione
1610 540 1641 563 et
1666 530 1828 564 mandate

207 585 382 635 pontificis
401 581 584 619 rebellasse:
613 581 762 621 videtis,
789 580 917 623 inquit,
946 589 1076 611 manum
1103 589 1205 611 meam
1231 576 1272 610 de
1296 578 1432 612 vulnere
1449 580 1620 622 sauciam,
1656 579 1733 613 haec
1765 590 1827 627 ego

204 638 330 685 juravi
345 635 490 670 Domino
508 632 673 670 Henriw,
701 639 739 665 ut
759 641 824 664 non
843 638 989 662 nocerem
1008 628 1055 664 ei,
1084 638 1144 660 nec
1160 625 1340 672 itfidiarer
1362 628 1502 674 gloriae
1529 629 1624 673 ejm3
1647 628 1711 672 sed
1729 628 1829 676 j1ff⁹

211 685 403 733 apostolica,
429 680 687 728 pontificumque
700 682 824 725 petitio
840 689 887 711 me
903 675 947 710 ad
967 675 1004 709 id
1023 675 1184 715 deduxit,
1213 683 1251 709 ut
1267 677 1451 713 iuramenti
1476 677 1708 723 transgressor
1733 678 1829 712 hono.

209 747 277 770 rem
297 733 486 767 indebitum
506 732 709 775 usurparem.
761 727 847 769 Quis
870 728 982 772 igitur
995 723 1075 766 finis
1101 737 1157 758 nos
1183 728 1362 770 acceperit,
1388 725 1516 760 videtis
1533 750 1541 765 ,
1570 722 1640 760 eum
1667 729 1702 760 in
1715 737 1816 761 manu

208 784 296 820 unde
307 785 502 829 juramenta
521 780 669 815 violavi,
698 777 838 810 mortale
854 775 912 808 lzoc
930 774 1050 806 vulnus
1068 774 1197 816 accepi:
1226 772 1383 806 viderint
1401 785 1482 820 ergo
1500 777 1544 813 ii,
1561 778 1619 820 qui
1635 787 1692 810 nos
1706 775 1752 809 ad
1768 752 1828 810 Ιιοὲ

209 833 479 880 instigaverunt,
509 828 658 874 qualiter
675 837 733 859 nos
750 823 942 859 duxerunt,
971 832 1010 854 ne
1023 822 1119 865 forte
1138 819 1275 854 dedum
1292 820 1385 856 [imm
1401 824 1437 855 in
1461 826 1702 868 praecipitium
1719 834 1828 860 aeter·

207 894 271 918 nae
289 879 526 916 damnationis.
578 877 675 908 Haec
692 869 797 906 refert
815 868 1011 905 Hemoldus
1043 868 1199 903 chronici
1217 868 1431 908 Sclavorum,
1458 869 1518 905 lib.
1542 883 1571 905 1.
1589 882 1616 906 c.
1640 883 1696 916 29.
1827 861 1830 864 Δ

355 927 512 969 Denique
533 922 715 969 ipsummet
732 919 943 966 Gregorium
966 919 1066 952 morti
1089 919 1309 964 proximum,
1337 931 1468 955 eorum,
1498 932 1581 964 quae
1606 932 1722 958 contra
1732 923 1831 957 Heu.

210 981 319 1016 ricum
350 987 508 1021 quartum
538 983 740 1012 tentaverat,
761 967 964 1016 poenituisse
997 966 1104 1002 refert
1130 967 1325 1013 Sigebertus
1348 969 1382 1002 in
1413 968 1586 1006 chronico.
1641 972 1730 1015 Quis
1758 983 1829 1007 non

208 1029 319 1064 videat
346 1025 456 1072 pluris
484 1021 558 1056 fieri
592 1021 714 1056 debere
738 1018 962 1055 morientium
998 1018 1142 1052 Henrici
1176 1016 1447 1053 adversariorum
1473 1018 1576 1054 verba
1604 1032 1644 1054 eo
1674 1030 1829 1066 tempore

208 1078 357 1126 prolata,
385 1087 452 1119 quo
477 1084 572 1107 verae
591 1083 665 1106 tum
692 1071 828 1104 demum
857 1068 1073 1102 excutiuntur
1098 1065 1238 1112 peSiore
1264 1079 1363 1101 voces
1384 1093 1391 1108 ,
1428 1068 1684 1114 detrahiturque
1708 1069 1829 1115 perso-

208 1141 269 1167 na,
299 1137 409 1161 manet
435 1135 506 1164 τες,
535 1133 636 1168 quam
664 1133 749 1166 quae
776 1117 839 1165 ipsi
869 1117 957 1153 odiis
985 1128 1017 1152 et
1054 1117 1243 1152 ambitione
1269 1116 1406 1163 impulsi
1436 1115 1642 1164 scripserunt
1667 1131 1726 1155 aut
1753 1117 1830 1166 ges.

210 1177 337 1213 serunt.

361 1225 488 1273 Objieit
517 1224 632 1270 primo
651 1221 897 1261 Bellarminus‚
925 1230 963 1255 ut
980 1218 1104 1266 probet
1123 1218 1309 1264 Gregorii,
1336 1217 1470 1264 septimi
1488 1218 1528 1253 de
1547 1219 1694 1254 Henrici
1712 1219 1829 1264 quarti

212 1276 420 1323 depositione
432 1274 629 1308 sententiam
648 1271 767 1319 justam
787 1269 901 1310 fuisse,
922 1269 1159 1308 conciliorum,
1178 1280 1264 1312 quae
1281 1267 1458 1315 pontifices
1475 1268 1697 1306 celebrarunt,
1717 1269 1827 1304 decre·

210 1339 261 1367 ta,
291 1338 327 1359 ex
346 1324 469 1368 quibus
487 1322 630 1367 probata
653 1320 697 1354 est
715 1321 878 1364 Gregorii
901 1320 936 1352 in
957 1318 1150 1351 Henricum
1176 1329 1334 1360 quartum
1362 1316 1534 1351 sententia.
1590 1320 1685 1352 Haec
1711 1308 1829 1354 autem

210 1374 305 1414 sunt,
333 1378 524 1409 Romanum
544 1371 682 1403 tertium
705 1380 735 1402 et
762 1367 944 1412 septimum
965 1365 1023 1399 sub
1050 1366 1228 1408 Gregorio
1247 1390 1255 1404 ‚
1293 1368 1572 1400 Beneventanum
1601 1364 1661 1400 sub
1686 1365 1828 1402 Vistore

209 1426 328 1460 tertio,
357 1425 646 1457 Beneventanum,
677 1417 927 1457 Placentinum,
955 1425 986 1449 et
1004 1414 1308 1449 Claromontanum
1327 1411 1387 1448 sub
1407 1413 1553 1450 Urbano
1574 1412 1720 1450 secundo
1759 1418 1826 1451 Ro-

211 1485 350 1510 manum
369 1471 428 1506 sub
449 1468 594 1504 Pafchali
614 1467 768 1501 secundo.
1730 1441 1738 1457 ³
1821 1449 1837 1457 ‘-

360 1519 563 1566 Respondeo
597 1519 723 1562 primo,
743 1514 881 1561 majoris
908 1511 1067 1547 fierinon
1095 1513 1215 1546 debere
1240 1512 1383 1547 istorum
1410 1513 1638 1550 conciliorum
1666 1515 1830 1551 emorita-²

209 1584 294 1610 tem.
324 1582 424 1615 quam
443 1567 595 1614 ipsorum
615 1563 836 1610 pontificum,
866 1574 1015 1606 quorum
1038 1563 1217 1596 autoritate
1233 1562 1407 1596 convocati
1433 1561 1526 1601 sunt,
1553 1564 1660 1608 iiique
1690 1566 1827 1611 opponi

210 1620 304 1669 posse
323 1619 464 1654 concilia
480 1616 519 1650 ab
541 1616 691 1650 Hem-ico
708 1623 908 1650 convocata,
938 1624 1022 1655 quae
1040 1612 1073 1645 in
1091 1611 1288 1657 pontificem
1309 1610 1510 1647 sententiam
1535 1613 1706 1651 tulerunt,
1733 1617 1828 1650 Vor-

209 1670 375 1706 matienie
394 1667 528 1705 scilicet,
557 1662 733 1709 Papiense,
761 1662 1027 1706 Maguntinum,
1056 1661 1249 1701 Brixiense,
1276 1671 1307 1694 et
1324 1663 1571 1706 Maguntinum
1596 1663 1740 1699 alterum
1787 1665 1827 1699 in

210 1733 280 1767 quo
300 1715 479 1752 Btixicniis
501 1714 637 1748 concilii
655 1710 815 1747 sententia
837 1708 883 1744 est
897 1708 1107 1746 confirmata.
1160 1710 1264 1755 Quod
1286 1708 1307 1743 fi
1326 1711 1359 1744 in
1377 1712 1592 1747 autoritatem
1610 1689 1828 1749 admitti'no-

209 1771 289 1808 lint,
318 1769 396 1812 quia
414 1766 452 1800 ab
474 1763 548 1810 ipso
565 1765 772 1809 imperatore
792 1759 867 1794 sunt
890 1772 1091 1800 convocata,
1128 1758 1333 1804 fueruntque
1369 1759 1609 1807 episcoporum
1629 1787 1637 1802 ,
1672 1764 1732 1807 qui
1760 1761 1825 1808 ipsi

208 1817 388 1861 favebant3
417 1826 476 1851 cnr
494 1826 562 1848 non
583 1812 702 1847 iisdem
723 1810 913 1845 rationibus
932 1821 992 1843 nos
1010 1809 1234 1844 conciliorum
1259 1822 1278 1844 a
1302 1810 1465 1845 Romanis
1493 1810 1716 1857 pontificibus
1742 1823 1825 1848 con-

208 1878 407 1904 vocatorum
426 1862 659 1899 au'Ctoritatem
684 1860 899 1907 rejiciemus?

359 1913 558 1960 Respondeo
596 1911 753 1948 secundo,
777 1911 810 1943 in
830 1909 992 1944 Romanis
1011 1907 1146 1943 duobus
1162 1920 1178 1942 a
1204 1906 1275 1942 solo
1294 1909 1472 1954 Gregorio
1496 1909 1760 1956 pronunciatam
1785 1910 1824 1946 in

211 1967 405 2002 Henricnm
434 1963 630 1998 sententiam
658 1957 896 2005 deposstionis,
934 1959 969 1992 in
999 1959 1137 1992 caeteris
1163 1947 1496 1994 excommunicatum
1521 1958 1581 1994 effe
1607 1960 1800 1995 Henricum

211 2029 281 2050 non
298 2025 410 2049 autem
431 2010 628 2056 depositum.
1811 1984 1823 2002 ⁵

360 2061 487 2108 Objicit
505 2059 649 2094 secundo
669 2057 893 2093 Beliarminus
914 2068 970 2091 eos
991 2054 1164 2096 aussizores²
1194 2058 1252 2101 qui
1271 2057 1435 2102 Gregorii
1454 2056 1588 2104 septimi
1614 2055 1741 2093 fafihim
1761 2070 1824 2105 ap.

209 2114 420 2161 probarunt,
448 2111 661 2146 Marianum,
691 2111 847 2146 Scotum,
873 2104 1094 2140 Lambert‘um
1120 2105 1488 2151 Schafnabutgensem,
1516 2106 1716 2142 Anselmum
1735 2109 1820 2142 Can·

209 2161 430 2199 tuitiensem,
458 2171 488 2194 et
507 2157 708 2197 Lucensem,
737 2155 997 2190 Geberhardum
1023 2155 1296 2201 Salzburgensem
1315 2181 1322 2195 ‚
1357 2156 1564 2201 Stephanum
1599 2153 1823 2191 Albcrstaten·

211 2213 296 2251 sem,
324 2215 473 2246 Leonem
489 2207 693 2249 Ostieniem,
719 2206 894 2241 Othonem
911 2204 1172 2251 Frifingensem.
1198 2204 1455 2244 Dodechinum,
1482 2216 1514 2240 et
1531 2205 1682 2241 abbatem
1693 2204 1824 2252 Usper-

211 2275 272 2310 gen
279 2260 357 2297 sem.

1642 2306 1775 2350 Yetum
