2022 2733
336 191 835 231 DISSERTATIONES
868 194 1215 234 HISTORICAE.
1242 197 1503 235 Dumnvn.
1600 208 1675 245 447

112 278 244 325 inquit,
261 292 331 315 cum
332 280 448 326 salute
464 284 535 329 ejus
552 282 836 327 condescendatis,
863 292 896 318 et
910 294 1054 326 terram,
1081 295 1163 332 qnae
1178 287 1248 332 ejus
1263 288 1473 323 anathemate
1486 289 1725 334 periclitatur,

111 328 153 364 ab
170 331 227 365 lzoc
248 332 396 376 periculo
417 333 558 367 eruatis.
611 333 768 377 Denique
784 357 793 370 ‚
820 334 984 378 inquiunt
1002 357 1011 371 ,
1053 334 1090 368 in
1107 335 1284 370 annalibus
1301 347 1374 371 tum
1393 338 1556 383 temporis
1575 337 1722 372 conditis

109 376 248 424 ascripti
265 391 335 413 non
354 378 429 415 sunt
449 380 598 426 amplius
614 382 695 415 anni
715 381 887 428 Philippi,
915 381 970 418 sed
988 382 1098 418 solum
1116 395 1281 432 regnante
1300 387 1436 432 Christo.
1497 387 1550 421 Sic
1569 398 1604 420 m
1623 386 1721 421 chro-

108 428 188 463 nico
207 426 323 463 fratris
349 429 488 465 Nicolai
503 429 544 464 de
562 430 761 466 Mediavilla
783 444 836 469 an.
859 437 964 475 ¹45⁶·
985 432 1126 468 condito
1141 433 1191 468 lit.
1211 440 1242 473 8.
1262 434 1302 468 de
1321 434 1482 470 Bernardi
1498 434 1634 471 secundi
1652 436 1722 470 vita

108 476 190 512 haec
214 477 400 513 habentur:
452 480 617 514 Mortuus
637 482 674 515 in
696 485 953 529 expugnatione
976 482 1159 518 Damietae
1176 496 1260 518 anno
1287 495 1365 528 1098.
1393 495 1562 539 regnante
1581 484 1718 530 Clmsto.

106 527 205 562 Idem
224 525 370 569 habetur
387 529 423 563 in
441 528 603 563 chronico
612 529 878 577 sandionysiano
898 541 929 565 et
951 530 1038 566 aliis.
1117 534 1195 566 Hae
1214 531 1291 567 sunt
1313 534 1589 568 adversariorum
1607 533 1718 579 objec-

104 577 235 614 tiones,
262 577 378 623 prima
401 574 518 613 fronte
543 575 726 623 speciosae,
754 578 867 613 sedin
897 579 1023 624 quibus
1048 579 1134 614 nihil
1154 579 1200 615 est
1218 582 1355 623 virium,
1374 582 1399 618 fi
1420 583 1582 618 attentius
1610 580 1720 617 confi-

103 625 349 710 derentulisIam
372 674 489 720 primo
514 686 583 710 non
609 673 654 710 est
681 672 872 709 adhibenda
898 672 983 710 fides
1009 675 1124 710 Yvoni
1147 675 1316 710 acerrimo
1337 677 1493 723 Philippi
1512 678 1718 721 adversario,

105 724 166 769 qui
187 722 277 759 solus
295 725 330 759 in
353 735 431 758 eum
449 722 634 769 pontifices
650 727 822 760 Romanos
842 724 1066 765 exacerbavit,
1094 735 1283 769 eorumque
1301 724 1477 762 sententias
1496 729 1537 763 ad
1557 727 1590 763 se
1606 728 1718 764 missas

105 773 294 809 executioni
321 774 484 807 mandare
512 784 655 808 conatus
681 772 737 808 est.
765 793 769 796 -
800 772 864 808 Sed
889 772 973 807 nihil
1003 785 1093 819 opus
1119 772 1164 807 cst
1187 772 1247 807 ista
1271 774 1509 820 responsione,
1544 789 1621 812 cum
1643 778 1714 825 ejus

103 822 207 858 verba
222 822 264 857 ab
282 821 481 856 adversariis
495 833 679 868 perperam
695 822 926 868 accipiantur;
952 823 1108 868 primum
1126 820 1217 856 enim
1233 834 1307 857 cum
1320 824 1366 858 ait
1375 827 1451 861 Yvo
1469 838 1631 862 coron-am
1648 825 1713 862 effe

102 873 177 917 regi
194 870 443 911 restituendam,
470 883 533 917 per
549 883 714 907 coronam
730 884 800 907 non
818 872 981 917 intelligit
995 871 1049 918 jus
1068 882 1215 916 reglum,
1241 869 1474 910 austeritatem
1493 877 1633 922 regiam,
1655 875 1716 913 sed

103 931 236 955 tantum
254 932 417 955 coronam
435 932 590 961 auream,
618 922 894 966 ceremoniasque
911 921 1163 958 coronationis,
1190 932 1276 965 quae
1293 921 1333 956 ab
1352 921 1520 970 episcopis
1531 925 1638 960 Gallis
1655 938 1710 960 an·

103 981 224 1005 nuente
236 968 561 1015 pontificeRomano
580 968 654 1005 fieri
676 969 837 1006 solebant.
891 972 1034 1017 Quippe
1050 983 1141 1016 papa
1154 981 1325 1009 vetuerat,
1352 984 1394 1006 ne
1411 984 1537 1008 corona
1551 973 1711 1020 impone-

102 1011 200 1054 retu‘r
219 1018 370 1064 Philippi
388 1019 491 1064 capiti
510 1018 551 1054 ab
575 1020 764 1066 episcopis,
794 1030 827 1054 et
848 1020 945 1054 valde
964 1019 1205 1065 indignabatur
1221 1020 1256 1055 id
1273 1033 1292 1056 a
1311 1021 1498 1069 Rodulpho
1513 1022 1710 1059 Turonenfi

100 1066 232 1104 facium
249 1066 361 1103 fuisse.
414 1071 507 1103 Dum
527 1080 612 1115 ergo
629 1081 791 1104 coronam
807 1069 940 1104 restitui
958 1069 1078 1105 debere
1097 1070 1170 1115 regi
1187 1068 1423 1116 scripfit,nihil
1438 1071 1530 1107 aliud
1545 1071 1605 1107 fibi
1623 1073 1711 1111 vult,

103 1129 206 1163 quam
230 1117 282 1165 jus
301 1116 476 1163 gestandae
501 1130 646 1153 coronae
669 1120 704 1153 in
732 1118 863 1153 ecclesia
885 1120 919 1153 vi
943 1120 1197 1157 coronationis,
1232 1132 1302 1154 non
1323 1132 1433 1156 autem
1454 1121 1506 1168 jus
1531 1121 1710 1168 regnandi,

102 1167 196 1212 quod
216 1179 235 1201 a
253 1168 474 1202 coronatione
501 1169 644 1203 minime
660 1168 804 1214 pendet,
831 1169 963 1214 quippe
986 1178 1063 1204 ante
1082 1172 1359 1211 coronationem,
1387 1171 1447 1215 qui
1470 1182 1612 1207 mortuo
1636 1171 1710 1216 regi

101 1216 264 1253 succedit,
291 1228 348 1251 rex
367 1214 412 1250 est
437 1216 517 1262 ipso
535 1216 616 1263 jure.
669 1219 858 1254 Coronatio
876 1230 959 1253 vero
978 1219 1167 1253 ceremonia
1183 1229 1314 1254 tantum
1332 1218 1388 1258 est,
1414 1232 1500 1265 quae
1517 1220 1605 1255 nihil
1622 1220 1710 1268 juris

101 1266 224 1300 tribuit
240 1265 281 1299 ad
292 1277 448 1311 regnum.
475 1266 608 1301 Deinde
625 1278 701 1301 cum
718 1266 764 1301 ait
784 1270 858 1302 Yvo
873 1279 936 1312 per
952 1267 1342 1303 excommunicationem
1360 1269 1555 1315 periculum
1573 1268 1643 1310 effe,
1664 1280 1708 1303 ne

100 1314 315 1349 diminuatur
333 1326 496 1359 regnum,
523 1328 594 1350 non
614 1316 648 1350 id
666 1316 712 1351 ita
728 1314 1100 1362 intelligendum‚quafi
1117 1328 1183 1362 per
1196 1319 1582 1353 excommunicationem
1599 1329 1711 1363 regno

98 1376 158 1399 rex
185 1363 347 1408 indignus
368 1362 484 1399 fieret,
512 1375 544 1397 et
567 1364 643 1409 iure
668 1365 833 1408 regnandi
861 1365 1047 1406 excidet-ev,
1092 1375 1172 1399 tunc
1196 1366 1285 1399 enim
1304 1377 1375 1399 non
1397 1366 1625 1407 diminutum,
1653 1365 1710 1402 scd

97 1414 198 1460 plane
214 1411 362 1448 ablatum
377 1423 520 1456 regnum
538 1411 603 1446 dici
621 1412 764 1448 deberet.
816 1413 1013 1449 Periculum
1032 1425 1116 1459 ergo
1145 1425 1255 1459 regno
1272 1414 1425 1462 Philippi
1449 1416 1646 1452 imminebat
1669 1429 1710 1451 ex

98 1462 180 1497 odio
199 1472 232 1496 et
253 1472 448 1506 contemptu
465 1461 588 1504 populi
609 1461 654 1496 ob
673 1463 1061 1498 excommunicationem
1079 1465 1113 1497 in
1131 1461 1245 1509 ipsum
1271 1462 1393 1506 latam,
1417 1465 1471 1500 ve}
1491 1478 1530 1500 ex
1546 1466 1707 1501 Falconis

98 1523 133 1547 et
150 1511 299 1546 aliorum
318 1508 573 1548 malevolentia,
610 1510 669 1553 qui
689 1521 848 1554 poterant
863 1510 931 1546 hoc
949 1511 1089 1547 obtentu
1108 1525 1256 1558 regnum
1271 1525 1492 1549 commovere
1515 1526 1549 1550 et
1568 1515 1707 1551 seditio-

98 1573 178 1596 nem
193 1561 346 1594 excitare.
390 1557 494 1592 Unde
510 1558 556 1591 ait
565 1560 642 1592 Yvo
658 1556 753 1602 epist.
773 1570 831 1601 23,
852 1558 888 1592 se
899 1572 969 1594 non
989 1559 1156 1606 evulgasse
1171 1560 1346 1606 pontificis
1364 1563 1528 1609 diploma,
1545 1577 1586 1600 ne
1605 1565 1706 1612 regni

97 1622 176 1657 pars
197 1607 355 1644 adversus
382 1619 459 1642 eum
481 1618 766 1641 commoveretur.

243 1658 402 1702 Denique
417 1653 566 1691 formula
582 1656 679 1697 haec,
707 1663 873 1705 regnante
888 1656 1032 1703 Christo,
1059 1657 1282 1694 aMediaviIIa
1298 1659 1460 1708 usurpata
1478 1673 1550 1696 non
1568 1661 1706 1698 denotat

93 1709 298 1755 Philippum
317 1719 424 1752 regno
441 1707 625 1752 privatum.
677 1705 791 1740 Primo
810 1706 900 1740 enim
918 1717 1019 1741 autor
1043 1705 1146 1753 hujus
1163 1707 1337 1744 formulae
1354 1710 1505 1757 scriptor
1527 1710 1625 1745 valde
1647 1713 1702 1746 in·

95 1758 246 1804 diligens
264 1755 309 1791 est
327 1766 359 1790 et
376 1755 576 1801 imperitus,
605 1755 734 1801 quippe
755 1754 813 1800 qui
841 1753 881 1788 de
898 1755 1073 1790 Bernardo
1097 1768 1131 1791 2.
1151 1756 1188 1791 id
1215 1757 1319 1799 dicat,
1348 1760 1439 1803 qttod
1464 1761 1494 1795 ei
1518 1761 1704 1796 con-venire

95 1820 169 1843 non
185 1805 311 1853 potest,
338 1817 400 1840 nec
412 1805 500 1839 enim
519 1804 576 1839 ille
593 1805 678 1839 vixit
694 1817 784 1839 anno
806 1810 922 1848 1098„
942 1817 1002 1840 nec
1024 1804 1093 1840 hoc
1108 1816 1268 1852 tempore
1277 1809 1430 1844 Damieta
1448 1821 1543 1856 capta
1560 1809 1616 1846 est.
1650 1812 1701 1846 Ea

95 1857 189 1893 enim
206 1855 288 1891 urbs
307 1855 458 1901 primum
477 1865 570 1899 capta
589 1853 634 1890 est
652 1866 740 1889 anno
766 1865 804 1887 12
816 1865 869 1897 ¹9·
886 1866 903 1888 a
920 1855 1082 1889 cruciatis,
1118 1856 1252 1890 Deinde
1270 1855 1379 1892 statim
1399 1871 1415 1892 a
1431 1857 1582 1893 barbaris
1601 1871 1699 1894 recu-

96 1916 232 1954 perata,
260 1905 388 1939 iterum
402 1913 496 1948 capta
511 1902 557 1938 est
574 1902 613 1937 ab
634 1905 777 1938 exercitu
794 1900 897 1937 sanffi
913 1903 1077 1939 Ludovici
1093 1916 1146 1940 an.
1170 1917 1182 1938 1
1193 1917 1273 1950 249.
1293 1918 1326 1940 et
1344 1905 1494 1952 sequenti
1512 1921 1529 1942 a
1546 1907 1699 1943 barbaris

95 1965 241 2001 recepta.
294 1952 449 1989 secundo
465 1965 554 1987 anno
579 1959 683 1997 1098.
703 1952 887 1997 Philippus
906 1952 1138 1988 reconciliatus
1158 1965 1230 1989 erat
1251 1967 1329 1990 cum
1344 1956 1520 2002 pontifice.
1570 1959 1700 1992 Tertio

97 2015 276 2050 nunquam
299 2003 512 2047 interruptus
540 2001 586 2037 est
606 2013 758 2049 tempore
782 2000 931 2047 Philippi
951 2014 1025 2038 mos
1046 2001 1354 2048 consignandorum
1375 2017 1699 2048 monumentorum,

96 2052 325 2099 annisipfius,
340 2063 377 2087 ut
394 2049 520 2087 constat
538 2064 576 2086 ex
594 2052 721 2087 chartis
736 2062 768 2086 et
792 2050 863 2086 aliis
889 2052 1130 2088 momumentis
1147 2051 1287 2099 singulis
1305 2054 1378 2100 ejus
1397 2057 1493 2089 annis
1517 2054 1697 2101 insignitis,

100 2115 185 2150 quas
203 2102 322 2138 videre
335 2113 435 2148 potes
451 2099 605 2136 colleaas
632 2115 649 2137 a
668 2100 845 2136 Blondello
870 2100 905 2134 in
929 2099 1021 2137 libro
1050 2100 1091 2136 de
1111 2101 1172 2137 hac
1199 2101 1348 2138 formula
1373 2113 1539 2153 regnante
1556 2105 1696 2150 Christo.

98 2155 234 2196 Quarto
251 2150 403 2186 formula
424 2150 522 2190 haec,
549 2159 715 2198 regn-ante
736 2150 874 2196 Christo,
902 2161 979 2184 ante
997 2161 1029 2184 et
1046 2149 1121 2196 post
1141 2151 1340 2198 Philippum
1362 2153 1490 2199 legitur
1514 2154 1548 2188 in
1573 2154 1695 2188 multis

97 2200 182 2236 affls
200 2212 234 2236 et
248 2199 418 2241 conciliis,
447 2211 535 2245 quae·
550 2199 674 2246 scripta
689 2200 765 2234 sunt
780 2199 832 2234 vel
847 2197 959 2233 habita
975 2200 1241 2246 imperatoribus
1269 2213 1300 2237 et
1316 2202 1531 2248 principibus
1551 2202 1696 2246 quibus-

95 2249 195 2299 libet,
218 2259 320 2298 atque
335 2250 440 2298 etiam
451 2248 643 2298 §bristianis
658 2260 691 2285 et
702 2250 884 2298 piis,quos
896 2247 972 2296 jure
987 2250 1088 2299 regni
1105 2250 1259 2296 privatos-
1274 2263 1376 2289 neme
1391 2251 1525 2297 dix-etit.
1549 2254 1694 2309 {iorum

1558 2312 1645 2337 ntem
