2022 2733
269 143 776 204 msSERTATioNfis
804 167 1335 206 H1sToR1CAE.D1sffl‹-s.
1370 171 1431 206 iv..
1535 174 1604 215 263

45 267 179 307 oportet
203 260 334 297 dicere,
369 268 403 295 et
429 259 507 295 olim
526 256 643 304 scripfi
669 257 826 305 utrasque
851 257 992 303 eccltfias
1018 266 1085 293 tam
1102 260 1266 303 senioris,
1299 273 1396 307 quam
1412 270 1519 296 novae
1532 259 1659 294 Romae
1692 273 1696 279 ·

44 321 144 346 unam
162 309 225 357 effe
245 309 424 345 evidenter
442 308 636 355 intelligens
657 315 690 342 et
706 307 883 354 utriusque
899 319 995 342 unam
1007 308 1116 352 sedem
1136 308 1227 343 reHe
1251 309 1412 351 definiens

195 360 293 394 Hinc
309 359 409 394 etiam
427 354 826 402 Constantinopolitanus
848 358 1102 392 oecumenicum
1120 356 1150 392 se
1170 359 1398 404 patriarcham
1418 359 1483 394 dici
1506 358 1632 395 amavit
1648 382 1656 397 ‚

43 406 175 454 sibique
191 408 278 444 illud
294 421 422 444 nomen
438 406 632 443 vindicavit.
687 407 768 440 Hoc
785 407 938 451 primum
963 408 1089 454 Joanni
1113 408 1309 454 Cappadoci
1335 409 1504 445 tributum
1532 408 1659 455 legitur

43 456 80 492 in
99 459 219 494 concil.
247 457 420 494 Constant.
441 457 647 494 sub.Menna
668 464 701 489 et
719 455 886 491 Anthimo
907 457 1107 492 conceditur
1124 459 1159 492 in
1180 459 1299 493 eodem
1318 457 1378 495 lib.
1396 471 1430 502 4.
1456 471 1530 504 cap.
1556 471 1588 503 7.
1626 466 1659 491 et

44 508 180 544 novella
200 513 258 544 16.
311 508 445 544 Deinde
465 508 642 543 Maxentio
667 505 857 549 imperante
879 508 1027 550 Joannes
1053 519 1283 551 cognomento
1308 508 1487 555 jejunator
1509 505 1660 553 seipsum

44 555 302 595 oecumenicum
320 556 521 605 episcopum
543 554 728 602 appellavit
742 554 776 587 in
793 553 924 601 synodo
938 553 1097 589 adversus
1114 556 1296 599 quemdam
1314 557 1524 602 Gregorium
1534 555 1661 602 episco-

45 619 144 655 pum.
204 611 302 644 Tum
334 607 489 652 Pelagius
516 608 559 641 11.
586 605 630 640 ob
658 602 812 638 elationis
839 603 943 650 hujus
969 604 1176 639 vocabulum
1202 606 1315 650 inquit
1338 607 1529 651 Gregorius
1549 604 1606 639 lib.
1626 617 1658 646 4.

46 657 144 703 epist.
168 665 223 702 38.
241 657 345 704 hujus
364 654 501 691 concilii
519 653 592 689 asta
612 650 769 688 dissolvit.
823 654 940 700 Hujus
957 653 1084 699 Pelagii
1111 652 1277 689 successor
1295 655 1489 701 Gregorius
1510 654 1659 689 eundem

45 707 202 748 titulum,
224 718 328 752 quem
346 708 494 753 Joannes
513 705 669 740 Mauritii
689 703 798 748 gratia
818 700 930 738 fretus
948 703 1133 744 retinebat,
1162 706 1380 752 impugnavit
1399 705 1522 741 litteris
1534 704 1576 740 ad
1595 705 1660 738 im-

42 769 258 804 peratorem,
284 755 327 790 ad
349 753 558 801 patriarchas
576 765 607 788 et
626 753 668 788 ad
688 750 801 798 ipsum
815 755 983 800 Joannem
1005 751 1152 799 scriptis.
1675 794 1677 796 q

195 808 243 841 Ex
259 806 311 841 his
329 804 497 850 Eulogius
515 802 766 846 Alexandrinus
783 801 953 849 rescripsit
971 803 1146 849 Gregorio
1163 803 1194 840 se
1210 805 1427 851 pariturum,
1455 816 1487 839 et
1505 802 1563 838 ista
1581 814 1666 837 voce

48 857 258 892 oecumenici
284 854 530 890 abstenturum.
588 856 695 888 Hunc
722 864 834 888 tamen
866 853 1004 888 titulum
1032 854 1068 888 in
1092 854 1145 889 his
1170 855 1249 901 ipsis
1277 854 1401 889 litteris
1429 853 1605 899 Gregorio
1633 864 1664 885 a·

47 905 198 952 scripsit,
227 905 322 950 quod
335 905 443 939 cinon
463 903 592 950 placuit
603 929 616 945 ‚-
640 901 699 937 sed
716 902 906 949 Eulogium
920 904 1130 945 monuit,ne
1149 904 1205 939 vel
1215 904 1293 945 sibi,
1322 904 1375 940 vel
1394 903 1492 939 alteri
1503 903 1663 947 cuiquam

51 956 114 991 tale
132 955 264 999 aliquid
281 953 476 990 ascriberet.

193 1003 275 1041 ‘Post
291 1003 431 1050 Joannis
448 1012 594 1037 mortem
611 1000 774 1054 §yriacus
792 1000 895 1047 hujus
912 998 1078 1035 successor
1097 1001 1245 1036 eundem
1265 1000 1403 1036 titulum
1421 1001 1580 1041 retinuit,
1607 1012 1667 1034 au-

51 1064 176 1100 torque
192 1052 259 1088 fuit
277 1053 449 1088 Mauritio
468 1062 498 1086 et
513 1048 682 1086 Anastasio
697 1050 942 1087 Antiocheno,
959 1061 997 1084 ut
1015 1050 1190 1095 Gregorio
1201 1049 1383 1085 scriberent
1393 1063 1465 1088 rem
1485 1049 1666 1084 effelevem

53 1115 87 1138 et
104 1104 246 1140 omnino
266 1101 442 1147 indignam
459 1100 531 1148 ejus
550 1097 785 1139 dissensionem
803 1110 835 1134 et
855 1098 1006 1134 scandala
1032 1106 1224 1144 generaret:
1258 1100 1340 1134 Ideo
1369 1100 1562 1145 Gregorius
1589 1097 1668 1132 licet

53 1153 204 1191 invitus,
239 1151 297 1187 sed
327 1152 416 1197 pacis
443 1162 526 1195 ergo
548 1149 684 1195 Cyriaci
711 1146 838 1182 litteras
865 1150 1222 1183 commmunicatorias
1248 1149 1353 1184 hocce
1368 1148 1471 1185 titulo
1486 1147 1667 1193 inscriptas

52 1201 211 1248 suscepit:
239 1212 273 1235 at
291 1200 437 1246 graviter
448 1210 525 1233 eum
541 1198 729 1236 admonuit,
750 1205 789 1230 ut
804 1198 953 1242 astulti,
967 1196 1084 1238 (verba
1095 1197 1169 1232 sunt
1187 1199 1367 1245 Gregorii)
1386 1196 1539 1233 vocabuli
1550 1200 1591 1243 se,
1611 1209 1670 1243 ap·

51 1253 234 1300 pellatione
257 1250 483 1295 compesceret.
534 1249 691 1279 Attamen
710 1244 801 1278 hunc
817 1246 1031 1278 retinuerunt
1050 1245 1588 1292 Constantinopolitaniantistites
1597 1243 1670 1280 fru-

54 1301 119 1337 stra
137 1297 395 1336 reclamantibus
411 1293 634 1343 pontificibus
651 1293 836 1327 Romanis:
864 1305 942 1327 nam
961 1293 1038 1327 licet
1054 1294 1184 1328 Phocas
1201 1296 1235 1328 in
1262 1295 1384 1330 odium
1411 1295 1546 1342 Cyriaci
1573 1305 1606 1328 et
1633 1295 1670 1328 in

54 1353 195 1398 gratiam
222 1347 368 1385 Romani
393 1344 567 1393 pontificis
591 1341 753 1378 adversus
777 1343 865 1377 hanc
891 1341 1262 1390 Constantinopolitani
1285 1344 1443 1379 antistitis
1468 1343 1670 1389 dignitatern

56 1400 227 1436 decretum
247 1395 382 1433 emisisse
401 1395 552 1434 dicatur,
566 1392 688 1428 'statim
708 1402 820 1427 tamen
838 1392 1022 1427 Heraclius
1039 1404 1114 1428 rem
1133 1394 1168 1428 in
1187 1394 1360 1439 integrum
1381 1392 1544 1434 restituit,
1563 1391 1670 1440 poste-

35 1448 39 1450 *
57 1449 234 1494 tionesque
252 1444 414 1482 antistites
434 1441 805 1487 Constantinopolitani
820 1442 913 1478 hunc
929 1441 1066 1489 semper
1083 1443 1219 1478 titulum
1231 1443 1448 1490 usurparunt.
1504 1442 1671 1486 Quamvis

11 1493 15 1498 ⁸
56 1495 376 1536 autemarnbitiosus
393 1495 448 1529 ille
466 1493 524 1534 sit,
551 1502 590 1527 ut
606 1489 878 1538 restetvisumest
888 1494 1062 1536 Gregorio
1075 1518 1084 1532 ,
1110 1505 1255 1528 attamen
1266 1491 1591 1540 Romanipontificis
1602 1493 1672 1539 pri-

56 1551 165 1586 matui
182 1561 251 1582 non
271 1545 379 1585 obest,
408 1545 473 1578 dici
491 1541 617 1577 etenim
634 1537 745 1585 potest
763 1539 888 1583 aliquis
909 1541 1088 1587 episcopus
1105 1542 1305 1578 universalis
1317 1545 1450 1579 ratione
1469 1541 1670 1583 dioeceseos,

57 1599 114 1634 oui
136 1595 282 1644 praeest,
299 1607 380 1644 *quo
401 1592 496 1629 sensu
515 1604 584 1627 non
602 1588 711 1624 solum
731 1587 1111 1635 Constantinopolitano
1129 1618 1138 1633 ‚
1174 1591 1279 1632 sedJet
1296 1593 1535 1638 Alexandrino}
1545 1604 1576 1627 et
1601 1596 1673 1627 An-

61 1647 224 1684 tiocheno
241 1647 275 1680 id
295 1644 447 1680 nominis
466 1640 637 1677 indultum
656 1638 711 1673 est.
763 1639 858 1689 Hinc
875 1638 1072 1676 Anastasius
1097 1641 1380 1677 bibliothecarius
1405 1644 1442 1677 in
1468 1640 1609 1688 praefat.
1638 1652 1673 1683 7.

61 1697 185 1745 synodi
203 1696 242 1731 ad
262 1698 478 1743 Joannem·8.
498 1692 590 1726 hunc
608 1688 746 1724 titulum
766 1687 907 1722 excusat.
958 1690 999 1724 In
1017 1702 1071 1729 eo,
1099 1691 1234 1734 inquit,
1271 1704 1332 1738 quo
1350 1695 1560 1739 frequenter
1584 1701 1674 1725 oecu-

59 1749 218 1783 monicum
236 1749 271 1779 in
294 1746 352 1778 Izac
362 1742 490 1790 synodo
502 1741 630 1776 Graeci
644 1739 875 1784 patriarcham
885 1739 980 1782 suum
999 1741 1278 1774 inconvenienter
1297 1742 1489 1787 appellant,
1515 1739 1674 1786 apostola—

0 1823 8 1833 .
62 1806 116 1832 tus
133 1795 240 1843 vester
257 1794 451 1828 adulationi
468 1792 602 1825 veniam
628 1788 697 1822 det.
761 1788 884 1821 Verum
908 1799 978 1822 cum
1003 1788 1095 1833 apud
1121 1788 1431 1835 Constantinopolim
1454 1789 1572 1836 positus
1592 1791 1676 1834 fre·

37 1871 41 1874 .
63 1855 202 1894 quenter
214 1844 354 1879 Graecos
372 1843 473 1887 super
490 1841 545 1875 hoc
569 1836 728 1873 vocabulo
744 1837 1019 1882 reprehenderem
1030 1862 1038 1876 ,
1064 1847 1097 1872 et
1114 1837 1225 1882 fastus
1242 1840 1297 1871 vel
1313 1842 1536 1885 arrogantiae
1553 1837 1674 1873 redar-

59 1906 220 1945 guerem,
248 1890 454 1935 adserebant,
469 1888 556 1937 quod
564 1900 627 1923 non
643 1886 715 1920 ideo
735 1887 983 1925 oecumenicum,
995 1897 1089 1933 quem
1109 1887 1208 1920 multi
1223 1889 1440 1932 universalem
1451 1889 1678 1934 interpretati

13 1943 17 1947 ’
58 1949 162 1993 sunt,
192 1943 342 1978 dicerent
356 1938 606 1986 patriarcham,
635 1935 723 1983 quod
740 1935 882 1979 universi
906 1934 996 1968 orbis
1016 1943 1128 1970 teneat
1146 1936 1393 1980 praesulatum,
1416 1936 1480 1980 sed
1502 1937 1592 1984 quod
1610 1939 1675 1970 cui-

64 1995 139 2031 dam
160 1992 254 2041 parti
279 1988 403 2038 praesit
427 1986 532 2027 orbis,
551 1997 634 2035 quae
662 1983 881 2018 inhabitatur.
942 1985 1033 2018 Nam
1054 1984 1139 2031 quod
1151 1984 1291 2022 Graeci,
1319 1985 1463 2031 ὀικκμένην
1487 1996 1627 2022 vacant,
1655 1998 1678 2020 a

65 2046 198 2082 Latinis
214 2053 278 2076 non
289 2040 392 2084 solum
412 2036 515 2075 orbis,
527 2050 546 2070 a
564 2037 655 2081 eujus
672 2033 892 2078 universitate
906 2034 1107 2078 universalis
1125 2033 1335 2079 adponam,
1360 2046 1480 2070 verum
1498 2038 1598 2071 etiam
1617 2036 1678 2069 ha.

67 2095 207 2133 biturio,
235 2091 289 2125 vel
310 2090 395 2123 locus
417 2084 614 2121 habitabilis
639 2091 864 2127 nuncupatur.

87 2166 94 2182 ,
215 2139 375 2182 Denique
397 2135 552 2180 quamvis
574 2129 905 2176 Graeci‚postquam
921 2143 939 2164 a
954 2131 1155 2165 Latinorum
1175 2131 1419 2166 communione
1438 2129 1678 2179 sejunffiisunt,

73 2193 109 2228 in
130 2193 317 2228 Romanam
338 2184 503 2221 ecclesiam
515 2182 645 2218 fuerint
668 2181 877 2224 iniquiores,
905 2192 1078 2223 nunquam
1104 2190 1215 2214 tamen
1240 2180 1311 2226 ejus
1337 2183 1524 2227 primatum
1550 2177 1676 2214 direffie

69 2242 391 2291 impugnaverunt&
410 2246 472 2270 nec
493 2234 583 2269 enim
612 2240 670 2268 aut
697 2230 858 2273 miminis,
891 2240 949 2266 aut
976 2228 1126 2266 Michael
1144 2229 1340 2265 Cerularius
1356 2229 1443 2266 hanc
1466 2227 1676 2265 dissensionis

1550 2289 1628 2315 Gau-
