2022 2733
299 193 804 233 DISSERTATIONES
838 200 1203 241 HISTORICAE.
1258 208 1415 245 stsl-:R'n
1443 211 1487 248 11.
1595 226 1658 258 131

95 281 237 318 rentiam
260 281 494 332 refragantem
504 286 610 331 ferre
630 284 834 324 debuerant,
861 289 959 336 autfi
975 292 1012 329 ln·
1025 293 1085 340 ipsi
1094 293 1241 340 Julpefi‘i
1264 295 1492 339 habebantur,
1528 301 1606 334 aliis
1627 304 1712 349 epis.

94 342 184 377 copzs
202 328 412 365 audientiam
428 334 611 378 reservare.
665 337 740 382 Jam
761 348 842 371 vero
861 337 884 373 fi
911 350 992 375 tunc
1019 342 1055 376 in
1082 355 1178 377 more
1201 344 1353 389 politum
1381 345 1494 382 fuisset
1519 361 1710 394 provocare

93 381 136 416 ad
156 375 357 425 pontificem
375 382 586 423 Romanum,
614 383 679 418 hoc
696 386 818 430 procul
841 387 946 423 dubio
964 389 1164 427 observasset
1180 395 1336 429 Severus.
1390 396 1486 431 Idem
1505 410 1612 444 porro
1623 401 1710 436 Pris-

39 463 43 467 ,
92 430 236 466 cilianus
254 439 332 463 cum
351 428 532 473 instantio,
561 444 592 467 et
617 433 770 469 Salviano
799 435 976 473 damnatus
1003 453 1021 474 a
1047 441 1346 488 Caesaraugustam
1377 445 1509 491 synodo
1527 473 1536 486 ‚
1563 452 1708 486 Romam

44 518 45 524 ἵ
91 478 305 523 confugerat,
325 491 361 514 ut
375 480 444 514 illic
462 480 665 529 sibiobjefiia
686 495 859 528 purgaret.
911 490 957 521 At
975 489 1136 524 Damasus
1156 504 1225 525 non
1244 493 1349 528 modo
1369 506 1426 528 eos
1451 508 1518 530 non
1547 496 1709 545 suscepit.

91 529 148 566 sed
168 541 210 562 ne
230 529 263 561 in
288 528 509 575 conspefflzum
528 532 667 575 quidem
684 532 826 567 admisit.
880 536 1046 573 Additum
1065 540 1154 573 enim
1176 537 1285 574 suerat
1309 543 1343 575 in
1372 542 1524 589 synodali
1548 548 1707 584 adversus

92 592 150 615 eos
168 577 348 619 sententia,
376 590 414 614 ut
430 578 452 613 si
472 581 545 624 quis
566 580 742 617 damnatos
763 582 798 616 in
826 587 1108 621 communionem
1137 585 1345 634 suscepisset,
1379 591 1476 627 sciret
1500 595 1533 628 in
1560 595 1593 630 se
1619 610 1709 634 eam-

91 630 169 665 dem
191 626 388 662 sententiam
406 627 465 662 effe
481 630 728 674 promendam,
755 643 831 666 cum
853 645 935 679 ergo
953 634 1047 671 istius
1069 637 1195 672 decreti
1218 650 1329 684 poena
1353 641 1537 678 Damasum
1566 658 1634 680 non
1660 646 1709 681 se„

88 692 150 715 cus
167 691 204 714 ac
219 677 303 711 alios
314 676 493 723 episcopos
512 678 691 723 spestaret,
717 693 788 715 non
809 681 860 716 illi
875 683 954 729 plus
973 684 1058 734 juris
1076 697 1163 726 etat,
1180 700 1282 733 quam
1301 691 1461 732 caeteris,
1492 691 1705 732 rescindendi

87 729 208 778 judicii
224 738 242 761 a
260 724 390 774 synodo
406 727 566 763 advertus
578 729 811 766 Priscilianum
829 731 899 770 lati.

437 873 495 911 De
521 874 694 936 Eustatlzii
718 877 886 929 Sebastem'
911 880 962 919 ad
984 880 1156 922 Liberium
1182 884 1355 936 confugio·

85 963 197 1059 De
223 977 359 1024 judiciis
376 978 411 1012 in
430 978 641 1014 Eustathium
659 978 874 1016 Sebastenum
892 980 969 1016 latis
987 982 1094 1019 multa
1112 985 1176 1020 dici
1195 986 1346 1032 possent,
1360 999 1444 1032 quae
1466 987 1507 1023 ad
1525 987 1704 1028 historiam

204 1028 396 1073 pertinent,
425 1037 457 1061 et
475 1027 574 1061 valde
596 1026 673 1061 sunt
694 1028 853 1069 obscura,
890 1030 946 1064 sed
975 1043 1012 1065 ea
1034 1032 1111 1067 sunt
1136 1035 1274 1069 alterius
1299 1036 1442 1071 instituti
1463 1049 1471 1069 :
1507 1049 1616 1077 unum
1648 1042 1703 1075 hic

85 1076 432 1123 Praetermittendum
450 1088 518 1110 non
544 1074 607 1112 est,
636 1077 713 1120 quia
730 1077 769 1111 ab
792 1077 989 1112 adversariis
1009 1080 1102 1115 velut
1120 1082 1259 1130 alicujus
1277 1087 1444 1119 momenti
1464 1086 1563 1120 nobis
1582 1087 1699 1135 objici-

84 1136 140 1162 tur
158 1125 286 1161 Liberii
304 1124 426 1160 scilicet
442 1126 476 1159 in
496 1124 566 1172 ejus
586 1123 878 1172 causajudicium5
906 1140 982 1162 nam
994 1127 1049 1162 ille
1070 1130 1245 1176 depolitus
1263 1134 1297 1167 in
1314 1133 1445 1182 synodo
1459 1135 1701 1173 Constantino.

80 1176 233 1222 politana
251 1186 283 1209 et
296 1175 336 1208 ab
354 1176 563 1209 Arianorum
580 1171 733 1207 fassione
752 1186 887 1209 vexatus
905 1180 1049 1211 Romam
1073 1179 1231 1224 confugit
1251 1183 1292 1216 ad
1302 1183 1479 1218 Liberium
1491 1208 1499 1220 ,
1527 1197 1620 1233 aquo
1641 1189 1698 1222 lit·

81 1233 173 1260 teras
189 1222 429 1269 obtinuit,per
449 1233 528 1268 quas
547 1220 806 1266 restitueretur,
842 1233 879 1256 ut
903 1224 949 1256 ait
975 1223 1106 1260 sanetus
1136 1227 1275 1263 Bafilius
1301 1230 1440 1274 epistola
1466 1244 1523 1274 74.
1566 1238 1700 1273 Verum

80 1271 170 1308 istud
189 1272 230 1307 ad
248 1271 517 1317 appellationum
536 1268 728 1313 exemplum
748 1270 889 1304 minime
905 1272 1062 1316 pertinet.
1115 1277 1209 1309 Nam
1225 1278 1343 1321 primo
1354 1277 1545 1314 Eustathius
1557 1295 1625 1317 non
1645 1297 1700 1318 ve-

81 1322 131 1358 nit
147 1323 183 1357 in
202 1321 406 1357 occidentem
421 1319 468 1354 rad
485 1317 679 1359 Liberium,
701 1329 737 1352 ut
757 1318 1012 1359 restitueretur,
1038 1323 1168 1369 quippe
1195 1327 1253 1369 qui
1272 1326 1446 1373 depositus
1465 1341 1532 1363 non
1553 1329 1666 1367 fuerat
1681 1345 1699 1368 a

78 1372 242 1419 legitimis
259 1370 448 1417 judicibus,
476 1367 534 1403 sed
557 1380 576 1402 a
593 1366 725 1415 synodo
743 1367 1118 1416 Constantinopolitana
1132 1375 1212 1409 anni
1234 1387 1429 1421 359.‚quae
1440 1382 1701 1420 eratAcacianw

79 1435 170 1459 rum.
223 1420 402 1460 Secundo,
431 1417 549 1454 miss'us
573 1417 617 1452 est
628 1417 669 1451 ad
688 1416 865 1454 Liberium
888 1432 957 1455 non
977 1433 1014 1456 ut
1029 1434 1143 1468 ageret
1154 1423 1196 1458 de
1213 1423 1271 1460 sua
1281 1425 1511 1465 restitutione,
1548 1427 1602 1464 sed
1623 1442 1697 1466 tan.

77 1484 180 1518 quam
197 1469 325 1517 legatus
346 1466 738 1517 synodiLamplacenae‚
766 1468 990 1506 utLiberium
1006 1470 1048 1506 ad
1067 1475 1347 1511 communionem
1357 1475 1612 1523 episcoporum,
1634 1482 1697 1525 qui

76 1521 276 1558 Semiariani
294 1519 472 1555 dicuntur,
500 1514 773 1561 amplestendam
784 1517 979 1554 adduceret:
1008 1533 1045 1556 ac
1056 1534 1238 1569 propterea
1256 1525 1430 1571 suspeHus
1449 1538 1519 1561 erat
1534 1527 1696 1568 Liberio.

30 1598 33 1601 .
76 1584 139 1607 nec
156 1569 196 1606 ab
217 1583 256 1605 eo
275 1568 441 1614 susceptus
461 1564 507 1601 est
528 1566 561 1599 in
579 1566 878 1608 communionem,
905 1568 965 1603 nisi
987 1570 1168 1617 postquam
1187 1575 1375 1610 Nicaenam
1395 1574 1498 1610 fidem
1521 1576 1692 1622 professus

75 1620 131 1657 est.
183 1619 323 1659 Tertio,
352 1630 419 1652 non
440 1615 484 1650 est
499 1614 670 1649 restitutus
690 1613 760 1649 sedi
779 1614 870 1656 snae,
900 1616 956 1652 sed
976 1619 1068 1655 datae
1085 1620 1301 1659 suntlitterae
1321 1625 1505 1661 aLiberio,
1524 1627 1557 1660 in
1569 1628 1692 1671 quibus

76 1670 147 1718 ejus
167 1667 247 1703 fides
265 1664 574 1702 commendabatur.
629 1666 779 1704 Quarto,
808 1665 960 1701 reversus
976 1667 1052 1703 istas
1071 1670 1196 1706 litteras
1214 1673 1382 1723 Tyanenli
1403 1673 1533 1721 synodo
1554 1676 1693 1712 exhibu-

76 1720 121 1760 it3
150 1729 298 1762 cumque
315 1716 395 1751 inde
411 1712 641 1760 cognovissent
658 1712 809 1760 episcopi
826 1715 981 1751 catholici
999 1717 1097 1753 illum
1119 1720 1209 1755 reste
1230 1723 1368 1761 sentire,
1395 1723 1589 1769 judicarunt
1609 1738 1689 1762 eum

77 1767 141 1803 effe
158 1766 415 1802 restituendum.
471 1762 565 1809 Quid
595 1774 708 1797 autem
728 1776 764 1798 ex
785 1765 837 1798 his
857 1763 921 1799 five
936 1766 977 1801 ad
994 1768 1261 1812 appellationum
1277 1773 1329 1820 jus
1347 1776 1504 1807 Romano
1531 1774 1690 1819 pontifici

74 1815 336 1857 vindicandum,
363 1813 429 1849 five
452 1813 494 1848 ad
520 1811 729 1847 afferendum
747 1813 988 1861 episcoporum
1015 1816 1183 1864 judicium
1206 1821 1248 1856 ad
1272 1835 1351 1858 eum
1377 1821 1488 1857 solum
1512 1825 1689 1870 pertinere

74 1865 200 1903 inferri
225 1865 340 1913 poffit,
367 1877 430 1911 ego
450 1861 590 1911 prorsus
610 1874 678 1898 non
695 1863 805 1899 video.

105 2013 162 2053 De
187 2011 289 2063 causa
315 2010 469 2049 Maximi
477 2038 488 2053 ‚
514 2010 667 2050 Neffaril
692 2017 724 2049 et
754 2010 917 2060 Gregorii
940 2009 1167 2052 Nazianzeni.
1219 2013 1368 2064 Itemque
1394 2014 1434 2054 de
1458 2015 1591 2056 Melet-ii
1616 2026 1648 2057 et

622 2073 762 2112 Paulini
786 2087 827 2112 ac
856 2071 974 2121 Cyrilli
999 2075 1112 2125 caufis.

73 2162 170 2263 Ex
197 2175 383 2215 celebribus
410 2172 499 2210 hisce
525 2172 763 2209 controversiis
791 2186 860 2211 non
888 2183 994 2219 pauca
1020 2173 1181 2220 colligere
1208 2172 1268 2216 est,
1297 2186 1381 2219 quae
1400 2173 1577 2210 ostendant
1593 2181 1680 2222 pon-j

175 2227 326 2275 tificijus
342 2225 474 2262 nullum
488 2221 587 2260 kuiffe
612 2222 824 2261 rescindendi
849 2234 904 2261 aut
923 2222 1132 2309 ἑεῑῑαξὶεηάἱ
1155 2223 1280 2272 judicia
1296 2225 1332 2260 in
1353 2225 1485 2262 oriente
1500 2223 1578 2311 legii.
1603 2275 1611 2281 ‚

982 2283 1000 2305 2
1561 2285 1629 2310 alss-
