2022 2733
317 192 830 229 DISSERTATIONES
856 194 1201 232 HISTORICAE.
1230 199 1388 234 nissen.
1416 200 1495 236 vn.
1599 206 1670 246 367

96 279 170 315 ›v1'd
179 305 186 320 ‚
217 282 309 316 vivit
324 279 494 321 dominus,
521 283 601 328 quia
616 281 676 327 nisi
695 281 845 317 dominus
861 284 1064 331 percufferit
1081 297 1172 322 eum,
1207 296 1266 321 aut
1293 288 1363 322 dies
1389 289 1457 332 ejus
1474 289 1630 324 venerit,
1683 295 1723 322 ut

104 332 290 380 mor-iarun,
317 338 378 365 aut
395 333 431 365 in
445 333 611 377 praelium
622 331 818 374 descendens
831 336 996 378 perierit,
1021 338 1197 381 propitius
1213 335 1253 379 sit
1263 339 1345 371 milii
1355 337 1521 377 dominus,
1549 348 1590 371 ne
1610 345 1721 371 exten-

91 379 179 414 ‘dam
198 391 328 414 manum
349 391 450 414 meam
469 383 506 414 in
522 380 686 426 Christum
710 380 855 416 domini.
886 410 894 418 .
923 409 930 416 .
955 411 965 420 .
994 383 1145 419 dominas
1162 394 1269 419 autem
1288 384 1454 420 retribuet
1470 388 1648 433 unicuique
1667 386 1720 430 se-

93 428 246 463 ·cundum
262 429 424 475 iustitiam
436 432 533 474 suam
555 437 588 464 et
600 428 725 471 fidentf
759 430 908 466 tradidit
934 435 1019 467 enim
1043 442 1076 479 tq
1101 433 1252 468 dominus
1269 436 1370 469 hodie
1387 438 1423 468 in
1448 447 1578 469 manum
1597 446 1719 471 meam.

102 486 137 512 et
152 480 246 513 nolui
264 478 444 513 extendere
461 490 591 513 manum
609 491 708 512 meam
725 481 762 513 in
781 481 942 526 Christum
958 482 1094 517 domini.
1147 483 1245 517 Adeo
1265 482 1459 527 pal'suasum
1486 495 1555 517 erat
1573 483 1719 530 Davidig,

102 538 280 573 nunquam
298 526 430 562 licitum
453 525 517 561 effe
536 527 725 571 quidquam
742 528 777 560 in
802 540 897 572 reges
916 542 934 562 a
950 532 1025 563 Deo
1042 530 1243 564 constitutos
1261 532 1337 566 licet
1360 543 1522 578 tyrannos
1541 542 1571 565 et
1589 532 1719 576 impios

101 587 240 612 tentare.
293 577 459 610 Similiter
478 576 557 623 Jobi
579 587 632 618 34.
653 587 683 608 v.
708 586 739 616 3.
791 576 902 615 Deus,
931 580 991 623 qui
1010 590 1160 624 regnare
1169 583 1265 622 facit
1277 582 1720 626 hypocritampropterpec-

103 635 178 660 cata
194 627 333 673 populi.-
385 627 429 659 Et
446 623 596 659 Danielis
627 636 660 665 4.
680 635 710 656 v.
733 629 763 661 8.
815 623 1024 659 Dominatur
1040 627 1179 670 exceffus
1197 630 1232 660 in
1253 640 1360 674 regno
1378 631 1562 664 hominum,
1597 637 1628 662 et
1655 632 1722 663 cui·

102 687 234 722 cumque
251 675 416 710 voluerit,
445 673 505 708 dat
523 672 620 707 illud.
673 673 783 706 Ozeae
803 684 858 716 13.
909 673 1008 709 Dabo
1027 674 1094 710 tibi
1113 687 1224 722 regem
1244 678 1279 709 in
1291 679 1420 722 furore
1445 689 1530 716 meo,
1567 685 1598 710 et
1624 680 1720 722 anfe-

98 735 175 758 ram
194 723 482 769 inindignatione
498 734 578 756 mea.
633 723 680 756 Ex
707 723 747 755 iis
773 721 918 762 constat,
971 736 1067 768 reges
1092 737 1109 758 a
1135 727 1208 758 Deo
1236 724 1309 760 solo
1326 723 1483 760 constitui
1511 736 1568 759 aut
1588 725 1720 771 deponi

100 770 214 819 posse,
244 783 305 805 nec
321 772 423 806 licere
441 770 639 806 hominibus
658 769 818 804 adversus
834 784 954 805 eorum
972 775 1075 807 vitam
1095 784 1152 808 aut
1169 786 1314 818 regnum
1328 775 1457 819 aliquid
1480 785 1617 809 tentare.

251 823 359 856 Nunc
378 819 553 854 recensere
571 831 711 864 oportet
729 817 923 855 sanCtorurn
945 833 1084 866 patrum
1101 820 1282 856 sententias
1312 824 1433 858 eodem
1459 821 1643 860 tendentes.

252 872 349 905 Extat
369 882 404 903 ea
422 869 518 906 deire
537 881 643 903 canon
660 870 748 903 inter
766 881 822 904 eos
837 895 847 910 ‚
874 872 933 914 qui
951 871 1111 906 dicuntur
1130 870 1325 917 apostolici,
1354 879 1414 916 qui
1441 872 1519 907 licet
1543 873 1719 919 apostolo-

103 931 182 956 rum
202 931 270 953 non
290 919 373 956 sint,
402 918 479 953 sunt
500 930 612 952 tamen
631 917 869 963 antiquissimi,
897 918 1145 965 offiuagefimus
1162 921 1293 961 tertius,
1314 921 1427 965 quisic
1447 921 1565 956 habet:
1622 923 1721 967 Quis-

101 972 175 1016 quis
195 971 432 1015 imperatorem
449 977 509 1002 aut
525 968 760 1015 magistratum
779 972 976 1003 contumelia
994 970 1165 1015 affecerit,
1191 972 1391 1017 supplicium
1408 971 1515 1015 luito,·
1543 972 1720 1019 etquidem

87 1018 121 1068 si
139 1018 292 1058 clericus,
321 1017 518 1062 deponitor3
536 1017 567 1063 fi
585 1020 706 1055 laicus,
733 1031 752 1052 a
769 1022 989 1054 communione
1015 1029 1209 1055 removetor.

252 1065 404 1114 Justinus
434 1077 564 1113 martyr
590 1067 624 1100 in
649 1067 787 1112 apolog.
821 1079 851 1100 2.
882 1066 924 1100 fic
942 1069 1168 1113 imperatores
1194 1069 1404 1114 adloquitur.
1457 1068 1654 1117 VeHigalia
1683 1076 1718 1103 et

87 1117 294 1151 'collationes
311 1118 378 1152 eis,
404 1118 463 1162 qui
480 1128 500 1148 a
518 1114 610 1149 vobis
623 1116 705 1159 sunt
732 1116 888 1150 ordinati
915 1117 1125 1152 exafioribus
1150 1131 1237 1164 prae
1263 1118 1408 1153 omnibus
1434 1117 1556 1165 ubique
1582 1121 1718 1162 inferre

100 1165 342 1201 contendimus,
395 1164 665 1211 quemadmodum
691 1164 732 1199 ab
759 1177 793 1198 eo
822 1165 1000 1212 (Christo)
1022 1168 1134 1211 sumus
1159 1168 1317 1214 instituti.
1370 1166 1517 1201 Proinde
1538 1180 1596 1201 nos
1608 1168 1716 1211 solum

86 1214 211 1250 -Deum
230 1212 425 1251 adoramus,
454 1221 486 1247 et
504 1212 595 1246 vobis
618 1215 654 1246 in
670 1215 745 1246 aliis
767 1213 862 1247 rebus
879 1215 963 1249 laeti
981 1218 1198 1259 inservimus,
1236 1219 1453 1263 imperatores
1479 1228 1516 1249 ac
1540 1218 1717 1261 principes

100 1263 263 1297 hominum
287 1262 347 1308 effi
363 1261 578 1307 profitentes,
605 1262 741 1305 etfimul
757 1271 950 1305 precantes,
1001 1273 1040 1298 ut
1059 1277 1126 1298 cum
1146 1267 1320 1310 imperiali
1329 1264 1620 1310 potestatesanam
1639 1277 1716 1311 quo·

101 1323 162 1359 que
185 1321 323 1346 mentem
342 1310 496 1344 obtinere
520 1311 778 1352 comperiamini.
830 1309 955 1351 Addit,
985 1324 1065 1352 eos,
1092 1312 1114 1346 fi
1134 1313 1216 1356 quid
1234 1312 1321 1347 male
1340 1313 1491 1357 egerint,
1519 1324 1589 1347 non
1600 1312 1640 1347 ab
1651 1312 1716 1346 ho·

82 1358 250 1396 -minibus
262 1384 270 1398 ,
297 1356 353 1392 sed
371 1370 389 1391 a
407 1360 482 1392 Deo
497 1354 707 1402 plee'tendos.

248 1411 407 1443 Irenaeus
425 1406 483 1441 lib.
508 1418 538 1449 5.
567 1418 594 1440 c.
620 1419 676 1449 24.
702 1404 843 1451 probat,
869 1405 1052 1453 potestates
1071 1420 1141 1444 non
1168 1407 1231 1444 esse
1248 1421 1267 1444 a
1285 1408 1439 1451 diabolo,
1491 1408 1548 1445 sed
1572 1422 1590 1444 a
1616 1412 1717 1448 Deo.

99 1459 231 1504 Deique
249 1455 421 1492 ministros
440 1454 499 1489 effe
519 1468 634 1499 reges,
661 1455 785 1502 quibus
806 1456 946 1492 obedire
964 1468 1124 1493 tenentur
1144 1471 1283 1494 omnes:
1336 1459 1555 1501 ‚‚Quoniam‚
1592 1462 1715 1507 inquit.

85 1505 280 1550 =„abfistens
296 1519 315 1541 a
334 1509 409 1541 Deo
428 1505 532 1538 homo
554 1505 586 1537 in
605 1515 737 1538 tantum
764 1504 936 1547 efferavit,
987 1519 1026 1542 ut
1052 1510 1152 1543 etiam
1180 1509 1469 1553 consanguineum
1496 1507 1625 1543 hostem
1652 1508 1713 1542 fibi

99 1569 258 1604 „putaret
260 1581 418 1591 .....
449 1551 616 1598 Imposuit
633 1552 682 1586 illi
699 1555 794 1587 Deus
812 1554 1000 1591 humanum
1020 1558 1197 1598 timorem,
1225 1570 1263 1593 ut
1272 1558 1425 1604 potestati
1446 1558 1624 1592 hominum
1637 1556 1716 1596 subg

101 1604 220 1653 „jefli‚
249 1616 283 1640 et
306 1604 380 1649 lege
398 1615 518 1637 eorum
539 1599 660 1636 astriffi
680 1601 811 1645 aliquid
827 1601 1039 1647 assequantur
1057 1606 1214 1652 justitiae,
1249 1618 1281 1641 et
1306 1608 1530 1642 moderentur
1554 1606 1595 1641 ad
1623 1607 1713 1641 invi-

99 1668 193 1697 „cem
215 1655 248 1689 in
268 1652 445 1689 manifesto
467 1650 615 1697 pofitum
637 1651 787 1696 gladium
806 1652 979 1691 timentes,
1031 1667 1062 1688 et
1081 1654 1265 1690 secundum
1284 1657 1351 1691 hoc
1369 1654 1516 1691 ministri
1535 1656 1595 1690 Dei
1614 1654 1710 1696 sunt,

88 1705 185 1749 „qui
204 1703 330 1739 tributa
348 1715 365 1737 a
383 1702 483 1737 nobis
504 1702 662 1746 exigunt,
697 1701 729 1734 in
759 1700 824 1734 hoc
847 1701 958 1746 ipsum
985 1701 1165 1738 servientes
1188 1703 1370 1751 potestates
1394 1703 1412 1739 a
1434 1707 1508 1740 Deo
1536 1704 1713 1740 ordinatae

97 1753 218 1797 ‚,sunt,
245 1753 342 1800 cujus
363 1750 449 1798 jussu
466 1751 625 1786 homines
643 1748 842 1788 nascuntur,
870 1751 969 1798 hujus
987 1751 1075 1799 jussu
1093 1765 1125 1788 et
1143 1766 1242 1800 reges
1259 1751 1533 1796 constituuntur,
1560 1755 1632 1801 apti
1644 1754 1711 1794 his,

101 1805 162 1850 qui
182 1804 219 1838 in
235 1802 297 1837 illo
313 1813 469 1847 tempore
487 1800 527 1834 ab
551 1800 631 1845 ipsis
651 1812 821 1844 regantur.

251 1850 472 1897 Theophilus
492 1850 530 1883 ad
550 1850 777 1897 Autolycum:
828 1847 1043 1894 ,‚Quae'cum
1063 1850 1108 1885 ita
1127 1849 1209 1891 fini,
1237 1852 1346 1897 magis
1361 1851 1542 1888 honorabo
1569 1864 1707 1898 regem,

81 1907 83 1909 '
99 1903 193 1945 „five
209 1900 392 1942 caesarem,
419 1912 488 1933 non
508 1911 615 1933 tamen
639 1912 715 1934 eum
735 1899 904 1936 adorabo,
931 1911 1049 1934 verum
1071 1913 1138 1945 pro
1156 1913 1195 1935 eo
1214 1902 1350 1937 orando·
1369 1905 1480 1936 Deum
1493 1927 1502 1943 ,
1556 1903 1614 1946 qui
1633 1914 1713 1936 vere

99 1955 218 1995 „Deus
236 1949 291 1990 est,
311 1949 461 1984 adorabo
473 1974 484 1987 J
507 1948 611 1983 sciens
627 1949 788 1983 caesarem
807 1947 848 1982 ab
866 1948 940 1995 ipso
958 1947 1021 1984 effe
1038 1950 1246 1985 ordinatum.
1275 1950 1374 1986 Dices
1394 1964 1477 1996 ergo
1493 1952 1600 1991 mihi,
1627 1963 1711 1995 qua-

88 2014 160 2045 *‚,re
175 2011 294 2045 regem
312 1998 378 2033 five
398 1997 561 2033 caesarem
579 1998 723 2032 adorare
745 1996 894 2038 recusas,
931 2000 1010 2043 quia
1030 2011 1100 2033 non
1123 1999 1165 2034 ad
1191 2000 1227 2034 id
1245 1999 1419 2036 institutus
1444 1998 1505 2038 est,
1534 2012 1572 2035 ut
1590 2001 1711 2035 adore-

85 2056 194 2095 *,-,t'ur,
218 2049 285 2084 *led
312 2059 350 2083 ut
371 2048 547 2092 legitimo,
599 2049 660 2092 qui
683 2046 747 2092 ipsi
774 2049 952 2092 congruit,
982 2048 1176 2083 honoretur
1193 2049 1397 2087 honore...
1425 2051 1551 2096 Regem
1571 2050 1711 2091 quidem

97 2100 188 2145 „five
205 2098 367 2135 caesarem
395 2097 545 2137 honora,
573 2095 741 2143 fiibjeelus
760 2097 791 2130 ei
811 2096 950 2132 existens
967 2107 1000 2132 et
1018 2110 1121 2134 orans
1139 2110 1206 2144 pro
1236 2112 1296 2141 e03
1347 2099 1428 2135 haec
1452 2101 1542 2135 enim
1561 2097 1706 2139 faciens,

88 2150 185 2194 3²,Dei
202 2145 415 2184 voluntatem
431 2148 629 2191 exequeris:
682 2158 760 2181 nam
787 2145 922 2182 divinae
946 2145 1043 2192 legis,
1058 2146 1113 2182 hie
1129 2158 1230 2184 tenor
1255 2147 1319 2183 est:
1373 2148 1519 2188 honora,
1572 2147 1620 2182 fiii
1640 2149 1704 2189 mi,

101 2202 236 2242 „Deum
254 2211 286 2233 et
303 2210 418 2242 regem
430 2222 438 2237 ‚
467 2208 528 2230 nee
544 2198 701 2241 cuiquam
719 2208 839 2231 eorum
856 2195 1059 2232 inobediens
1075 2195 1128 2237 fis.
1180 2197 1388 2244 Huicfimile
1407 2199 1447 2244 est
1470 2197 1558 2232 illud
1575 2198 1679 2231 Dioni
1693 2220 1706 2226 -

99 2249 158 2298 ,fii
174 2248 405 2286 Alexandrini
422 2246 516 2295 apud
529 2245 650 2294 Euseb.
668 2248 692 2283 l.
709 2256 744 2291 7.
764 2258 789 2282 c.
812 2256 865 2283 ιο.
916 2248 996 2280 Nos
1013 2256 1121 2281 unum
1139 2247 1252 2282 Deum
1272 2248 1428 2283 omnium
1456 2258 1571 2281 rerum
1599 2244 1705 2281 fabri-

140 2304 143 2307 ·
260 2304 263 2305 ’
1570 2308 1656 2332 cato-
