1961 2718
280 226 352 261 3¹4
507 211 579 248 DE
612 206 893 252 ANTIQUA'
916 200 1198 240 ECCLESIAE
1223 202 1570 240 DISCIPLINA
1621 208 1627 213 ’

231 316 306 341 tum
325 301 446 350 synodi
463 299 635 347 plenariae
652 294 846 341 sanstione3
897 292 1104 335 beatumque
1120 290 1335 337 Cyprianum
1359 289 1504 336 potuisse
1519 291 1585 327 {ine
1600 291 1724 328 haeresi
1739 306 1756 330 a
1774 294 1846 329 Ste-⁴

233 353 342 401 phani
362 352 531 398 opinione
547 347 718 383 dissentire
731 372 739 386 ,
767 345 861 390 quod
881 355 950 377 non
971 350 1130 387 poterant
1147 339 1360 379 Donati-stae,
1388 338 1568 385 postquam
1586 354 1639 376 res
1658 343 1695 377 jn
1712 342 1847 390 fynodo

233 402 386 449 plenaria
406 399 543 434 definita
558 395 682 432 fuerat.
733 397 784 430 Sic
803 395 902 428 etiam
922 392 956 425 in
973 390 1114 435 negotio
1133 388 1367 423 celebrationis
1384 386 1535 434 paschae,
1554 391 1717 435 quamdiu
1731 390 1846 427 Vibio-

235 453 284 486 ris
303 462 435 486 tantum
454 461 485 483 et
499 452 670 484 Romanae
690 443 838 480 ecclefiae
857 438 1035 480 senfentia,
1063 438 1244 485 reprobata
1261 437 1306 472 est
1323 437 1526 473 Asianorum
1543 439 1760 481 consuetudo,
1781 447 1850 487 pto

234 500 414 537 haereticis
429 508 486 533 aut
505 494 720 532 schismaticis
741 492 850 528 habiti
867 489 1008 526 minime
1025 486 1176 523 fuerunt.
1227 491 1271 522 At
1288 486 1397 522 statim
1413 498 1513 532 atque
1530 500 1548 522 a
1563 489 1708 524 concilio
1726 491 1850 525 Nicae-

238 562 285 585 no
308 547 467 584 statutum
488 546 542 594 est,
561 543 694 591 pascha,
720 540 853 578 nonniii
872 539 926 574 die
943 538 1116 573 dominica
1137 536 1395 577 celebrandum,
1423 538 1484 581 qui
1501 537 1563 573 alia
1583 537 1639 572 die
1655 537 1742 574 illud
1763 538 1849 577 cele.

235 599 394 637 brarunt,
410 594 608 631 schismatici
623 593 753 637 ubique
774 590 920 626 audiere.

338 647 443 684 Mitto
457 645 520 680 alia
531 645 709 678 innumera
719 639 880 685 exempla,
897 648 998 681 atque
1016 635 1170 681 primum
1188 633 1275 670 istud
1287 633 1525 670 dissertationis
1537 634 1637 682 hujus
1653 646 1756 682 caput
1773 647 1852 672 con.

238 697 340 732 eludo
369 695 549 730 autoritate
573 703 604 727 et
629 690 810 726 ratiocinio
837 684 940 722 sanai
957 683 1140 731 Augustini
1157 684 1216 719 lib.
1236 696 1269 718 2.
1286 684 1328 718 de
1344 684 1434 730 bapt.
1452 697 1523 730 cap.
1544 697 1577 726 4.
1635 685 1853 730 Universum,

237 747 352 791 inquit
371 745 407 778 in
426 742 526 778 fimili
544 740 694 787 neg0tio‚
718 737 878 787 partibus
890 737 1023 781 semper
1038 736 1162 780 optimo
1173 736 1255 780 jure
1269 737 1506 781 praeponitur.
1559 734 1647 768 Cum
1665 746 1748 779 ergo
1765 746 1850 769 eon-

235 795 354 830 cilium
373 792 412 829 fit
431 803 543 828 totum
560 787 712 835 respek‘tu
729 797 854 832 papae,
883 784 944 827 qui
962 782 1156 816 membrum
1175 781 1246 827 ejus
1264 780 1320 821 est,
1347 794 1425 816 cum
1449 783 1634 817 concilium
1653 782 1847 818 universam

232 843 464 890 trepraesentet
488 838 677 876 eccleiiam,
703 837 800 881 cujus
825 828 985 879 pontifex
1011 827 1057 864 est
1082 828 1295 869 membrum,
1321 830 1396 864 licet
1419 831 1573 875 primum
1603 840 1704 874 atque
1720 833 1848 877 praeci-

234 905 366 939 puum,
396 892 472 936 quis
498 888 596 923 sanus
621 887 655 919 in
680 883 822 917 dubium
839 891 999 916 revocare
1015 876 1135 923 potiit,
1162 878 1245 921 quin
1266 877 1420 912 universa
1439 878 1588 919 eccleiia,
1615 890 1648 913 et
1665 879 1847 916 concilim„

237 954 311 976 eam
336 937 584 985 repraesentans
605 932 728 980 majori
751 931 935 966 autoritate
950 927 1095 974 polleat,
1124 938 1226 970 quam
1244 924 1334 961 solus
1353 926 1512 972 pontifex
1528 929 1729 963 Romanus?
1755 929 1847 965 Addi

205 995 207 997 ’
235 989 348 1036 posset
374 1000 405 1022 et
430 985 514 1021 illud
540 982 750 1028 Hieronymi
776 979 872 1026 epist.
901 985 959 1022 85.
975 977 1003 1024 fi
1027 979 1194 1010 autoritas
1220 978 1414 1023 quaeritur,
1444 975 1535 1011 orbir
1562 979 1668 1024 major
1695 978 1739 1022 est
1753 977 1846 1014 urbe,

234 1038 341 1082 Quod
362 1036 382 1070 fi
401 1037 448 1071 ita
463 1033 508 1069 est
520 1059 529 1074 ,
555 1033 666 1087 major
685 1042 824 1076 quoque
840 1028 938 1064 debet
955 1025 1019 1062 effe
1040 1023 1283 1072 episcoporum
1301 1023 1446 1060 universi
1463 1025 1574 1067 orbis,
1599 1038 1702 1072 quam
1720 1025 1848 1074 episco-

235 1089 275 1134 pi
294 1087 399 1122 unius
415 1084 511 1123 urbis
529 1092 720 1126 autoritas„

959 1215 986 1257 5.
1037 1212 1137 1249 111.

289 1323 487 1372 Pontificem
512 1317 704 1356 Romanum
719 1315 848 1352 concilii
863 1313 993 1360 legibus·
1009 1312 1111 1348 teneri
1121 1336 1131 1351 ‚
1158 1323 1213 1361 nef
1223 1307 1316 1357 poffe
1329 1309 1408 1345 illas
1418 1321 1488 1357 pro
1506 1309 1599 1346 libito
1617 1309 1764 1350 irritare,
1783 1311 1845 1347 im-

385 1377 533 1470 2¹er?
555 1367 713 1453 *qzuzmvis
725 1362 827 1415 poffit
841 1362 884 1399 ab
903 1363 947 1398 iis
958 1361 1130 1411 sapienter
1147 1358 1334 1407 dispensare
1363 1359 1397 1394 in
1425 1370 1463 1394 eo
1481 1356 1568 1407 casu,
1586 1371 1651 1407 quo
1674 1359 1846 1397 concilium

411 1434 422 1457 ι
436 1431 502 1467 pen
520 1429 578 1454 are
596 1443 603 1451 .

237 1510 430 1605 Sequitur
455 1521 535 1555 haee
560 1515 752 1564 propoiitio
770 1526 808 1548 ex
825 1510 1060 1560 praecedenti,
1087 1518 1166 1543 nam
1183 1506 1209 1542 fi
1224 1519 1332 1553 papae
1349 1508 1509 1542 autoritas
1525 1508 1672 1546 inferior
1690 1509 1737 1546 est
1753 1521 1848 1548 auto-

256 1608 260 1611 ,
317 1575 415 1608 ritate
430 1568 582 1605 concilii,
607 1566 629 1600 {i
649 1565 812 1612 judicium
833 1561 967 1596 concilii
987 1558 1147 1604 superius
1171 1555 1217 1591 est
1233 1556 1358 1603 judicio
1380 1556 1574 1601 pontificis,
1602 1571 1679 1594 cum
1699 1559 1848 1596 inferior

236 1622 326 1662 nihil
343 1618 441 1667 poffit
460 1620 494 1652 in
513 1616 743 1661 superiorem,
770 1610 946 1646 necessario
969 1607 1150 1642 dicendum
1170 1605 1226 1644 est,
1243 1605 1335 1651 leges
1353 1616 1384 1639 et
1400 1605 1526 1653 judicia
1545 1608 1681 1642 concilii
1707 1621 1847 1654 genera..

238 1671 281 1707 iis
306 1683 373 1706 non
392 1665 486 1715 poffe
510 1679 529 1701 a
548 1668 703 1700 Romano
725 1659 889 1708 pontifice
905 1671 972 1705 pro
989 1657 1088 1692 libito
1107 1653 1240 1690 diffolvi
1258 1666 1315 1689 aut
1329 1656 1474 1693 mutari,
1499 1666 1558 1690 aut
1575 1658 1645 1691 vice
1663 1657 1752 1692 versa
1767 1670 1848 1695 cum

238 1721 399 1767 superior
426 1716 585 1752 inferiori
613 1714 704 1759 leges
728 1711 838 1746 dicere
853 1707 969 1755 poffit,
997 1703 1196 1753 pontificem
1215 1706 1407 1739 Romanum
1427 1705 1580 1739 conciliis
1597 1717 1628 1740 et
1647 1705 1780 1752 legibus
1798 1720 1848 1743 te·
1890 1698 1893 1699 ⁷

238 1771 313 1805 neri
331 1766 508 1803 fatendum
529 1763 590 1804 estz
620 1761 676 1797 sed
694 1772 731 1796 ut
749 1759 907 1796 omnibus
924 1757 958 1792 id
977 1755 1118 1794 constet,
1147 1766 1215 1788 non
1245 1753 1320 1787 aliis
1339 1765 1475 1788 utemur
1493 1751 1630 1790 testibus
1647 1768 1747 1800 quam
1764 1755 1846 1803 ipsis

238 1819 402 1856 Romanis
428 1812 662 1862 pontificibus,
688 1811 747 1855 qui
775 1821 894 1844 omnes
921 1819 991 1842 uno
1018 1818 1078 1841 ore
1096 1803 1256 1843 clamant,
1284 1801 1316 1837 se
1335 1803 1559 1839 conciliorum
1581 1803 1713 1850 legibus
1730 1806 1847 1846 teneri,

238 1881 301 1903 nee
317 1866 408 1914 posse
433 1864 465 1900 se
485 1863 558 1899 illas
576 1860 776 1906 infringere,
795 1869 855 1893 aut
870 1870 936 1904 pro
955 1856 1054 1891 libito
1071 1856 1260 1889 immutare.
1313 1852 1375 1886 Sed
1395 1850 1537 1898 praestat
1554 1851 1710 1899 ipsorum
1728 1854 1847 1890 audire

240 1917 351 1953 verba,
374 1914 499 1957 quibus
519 1911 603 1946 nihil
621 1909 776 1945 disertius
789 1934 796 1948 ,
825 1907 922 1945 nihil,
941 1905 1150 1940 luculentius
1165 1900 1228 1941 est,
1257 1901 1437 1936 audiamur
1452 1914 1546 1947 ergo.

333 1964 446 2012 Julius
463 1963 598 2008 primus
608 1958 702 2008 epist.
713 1958 755 1993 ad
773 1956 976 1992 orientales:
1005 1954 1046 1989 Id
1063 1963 1140 1988 vere
1153 1950 1198 1986 ad
1212 1949 1339 1997 synodi
1356 1959 1389 1984 et
1405 1952 1710 1999 eptfioporum,qui
1721 1954 1758 1988 in
1770 1965 1845 1988 con-

237 2019 315 2053 eilio
336 2015 531 2057 (Nicaeno)
552 2013 712 2055 fuerant,
739 2008 964 2041 contumeliam
982 2010 1148 2051 vergeret,
1167 1999 1196 2046 fi
1214 2011 1297 2046 quae
1317 2001 1371 2033 illi
1390 2009 1485 2035 tanto
1496 2000 1607 2046 studio
1626 2009 1660 2035 et
1674 2012 1764 2042 cura,
1790 2013 1845 2036 υρ.

239 2070 292 2102 lut
317 2064 390 2100 Deo
416 2062 593 2107 praesente
618 2056 781 2105 egrffent‚
808 2068 827 2089 a
846 2055 936 2089 nohis
952 2062 990 2088 ut
1006 2064 1101 2088 vana>
1113 2050 1311 2096 futiliaque·
1328 2047 1585 2097 abrogarentur.
1637 2050 1679 2084 Et
1695 2048 1845 2086 ibidem.-

235 2116 306 2151 Nos
325 2113 434 2147 omnia
450 2108 627 2154 secundum
643 2116 797 2140 canonem
809 2107 969 2150 facimus.
1563 2131 1566 2133 ,

336 2159 491 2196 Liberius
514 2159 549 2193 in
576 2154 669 2200 epist.
696 2153 737 2187 ad
765 2153 876 2187 const.
905 2152 962 2188 Ad
978 2150 1065 2193 istud
1080 2147 1215 2192 officium
1232 2146 1320 2191 testis
1341 2146 1382 2192 est
1399 2147 1483 2182 mihi
1499 2145 1592 2182 Deus
1608 2157 1695 2182 meus
1710 2148 1844 2182 invitm-

238 2211 343 2258 acceffi
353 2236 360 2249 ‚
388 2212 424 2243 in
440 2221 501 2256 quo
521 2209 614 2253 cupio
640 2203 769 2251 quidem
782 2202 856 2250 fine
869 2202 993 2248 offensa
1011 2199 1095 2235 Dei,
1122 2195 1279 2243 quamdiu
1298 2197 1332 2228 in
1344 2197 1474 2239 saeculo
1482 2197 1606 2240 fuero,
1630 2206 1842 2241 permanere,

237 2272 272 2299 et
296 2270 462 2308 nunquam
486 2268 555 2294 mea
571 2255 721 2304 statuta,
741 2252 803 2298 sed
818 2252 993 2300 apostolica
1013 2256 1051 2283 ut
1068 2246 1171 2293 effent
1181 2245 1316 2291 semper
1327 2242 1468 2285 firmata
1482 2252 1515 2278 et
1532 2244 1692 2290 custodita
1705 2246 1840 2290 perfeci
1862 2243 1866 2281 j

1756 2303 1789 2326 e-
