1982 2739
299 213 406 257 106—-
494 210 564 244 DE
599 209 876 252 ANTIQVA
917 205 1233 244 ECCLESIAE
1269 209 1602 254 DISCIPLINA

395 299 435 332 In
453 295 579 334 Africa
601 295 791 332 Ferrandus
818 295 978 332 diaconus
1003 295 1063 332 sub
1080 294 1269 344 Justiniano
1287 294 1520 333 eolleffionem
1546 307 1714 333 canonum
1735 293 1859 335 edidit,

250 348 304 384 cui
322 359 463 382 canones
484 345 695 382 sardicenses
715 345 872 388 inseruit,
925 359 962 381 ex
990 358 1058 391 quo
1084 346 1257 392 colligitur
1281 359 1338 381 eos
1356 357 1430 381 turn
1448 349 1611 394 temporis
1629 345 1720 392 apud
1750 357 1805 380 eos
1824 346 1861 379 in

251 398 366 442 aliquo
384 398 496 443 pretio
517 396 628 437 fuisse,
656 393 796 431 fuerunt
816 407 927 431 tamen
948 394 1024 431 Afri
1043 395 1180 431 suorum
1197 396 1478 442 privilegiorum,
1506 410 1543 432 ac
1558 394 1717 443 pristinae
1726 393 1864 430 consue·

251 448 379 482 tudinis
405 445 629 484 amantiffimi‚
651 447 693 480 ita
711 456 746 480 ut
764 459 781 480 a
799 444 958 492 pontifice
980 446 1157 492 petierint,
1184 459 1221 481 ut
1239 446 1327 482 testis
1346 444 1390 480 est
1409 446 1515 491 Greg.
1536 446 1594 482 lib.
1613 458 1640 490 ιτ
1661 457 1713 491 ep.
1734 456 1863 488 75.an·

251 499 347 542 tiqua
372 496 431 531 fibi
450 496 629 542 privilegia
646 507 677 530 et
696 496 770 543 jura
787 494 930 537 servari,
954 496 1102 543 perustis
1122 498 1239 537 etiam,
1277 497 1388 540 inquit
1411 496 1623 541 Gregorius,
1674 506 1738 542 per
1760 494 1865 529 Hila-

252 550 342 581 rium
363 547 608 582 cartltularium
626 545 769 590 nostrum
789 558 808 579 a
825 545 942 580 beatae
966 548 1139 581 memoriae
1160 545 1410 593 praedeceffore
1431 546 1555 593 nostro,
1575 554 1615 581 ut
1641 542 1745 580 om‘nes
1771 542 1864 578 vobis

252 605 346 631 retro
362 605 547 643 temporum
565 594 814 638 consuetudines
824 596 1073 640 servarentur,
1108 607 1188 643 quas
1214 608 1234 630 a
1259 596 1350 630 beati
1375 596 1470 630 Petri
1493 595 1712 642 apostolorum
1734 594 1866 640 princi·

247 648 303 692 pis
323 645 574 679 ordinationum
596 647 710 679 initiis
727 644 883 679 hat-Jonas
903 646 1045 691 vetustas
1063 646 1162 693 longa
1177 646 1335 689 servavit
1352 672 1460 680 ......
1479 655 1511 680 et
1533 658 1592 680 nos
1616 643 1864 691 quidemjuxta

244 697 367 740 seriem
386 696 562 729 relationis
584 694 722 739 vestrae,
758 695 1042 738 consuetudinem,
1070 706 1152 742 quae
1170 705 1277 730 tamen
1302 703 1420 730 contra
1433 693 1533 736 fidem
1559 695 1751 729 catholicam
1776 691 1865 726 nihil

251 745 416 790 usurpare
435 744 663 791 dignoscitur,
692 746 856 778 immotam
865 755 1060 790 permanere
1079 744 1294 781 concedimus,
1309 744 1382 790 five
1401 744 1442 779 de
1456 742 1662 790 primatibus
1672 741 1866 789 constituen-

251 794 321 830 dis,
349 794 551 841 caetcrzsque
570 793 737 839 capitulis.
792 795 832 827 Et
850 795 882 826 in
900 792 1002 838 Epist.
1020 793 1061 827 ad
1079 795 1299 829 Dominicum
1319 791 1517 840 episcopum
1545 789 1866 838 Carthaginensem,

252 843 296 877 de
309 844 510 890 privilegiis
526 854 606 876 vero
623 842 843 887 ecclryiasticis,
862 842 948 889 quod
967 842 1072 888 vestra
1087 845 1303 889 fraternitas
1313 842 1447 887 scribit,
1469 843 1529 877 hac
1543 843 1715 889 postposita
1729 839 1868 876 dubzta-

251 895 343 927 tione
361 900 491 931 teneat,
519 893 596 938 quia
607 891 692 938 ficut
709 891 817 936 nostra
839 891 1073 938 defcnds'mus‚
1126 895 1176 926 ita
1196 893 1338 941 singulis
1359 892 1539 940 quibusque
1564 891 1770 937 eccleſsissua
1780 891 1867 936 jura

246 942 430 987 servamus.
485 942 577 974 Hinc
605 940 732 974 nullam
750 952 867 974 eorum
886 941 1015 975 causam
1033 943 1160 975 Romae
1186 939 1346 987 judicavit
1373 941 1584 987 Gregorius,
1637 941 1709 975 imo
1737 938 1867 973 nullam

252 991 396 1025 illorum
414 989 676 1035 adpellationem
693 988 733 1022 ad
754 992 927 1023 Romanos
947 990 1055 1033 legere
1079 989 1140 1029 est,
1173 990 1374 1033 videturque
1398 1001 1511 1024 rerum
1537 989 1786 1025 Africanarum
1809 986 1868 1023 ad.-

251 1039 455 1073 ministratio
473 1039 606 1083 semper
620 1035 722 1071 fuisse
736 1037 906 1071 commissa
924 1037 1054 1085 synodo
1072 1039 1273 1084 provinciae
1299 1049 1354 1072 aut
1378 1036 1559 1083 universali
1588 1037 1735 1073 concilio
1762 1038 1867 1072 totius
1911 1038 1916 1042 “

251 1085 386 1123 Africae
403 1086 467 1121 sine
484 1088 748 1133 provocatione:
778 1085 928 1132 idipsum
948 1085 1060 1132 postea
1077 1086 1276 1122 docebimus
1293 1086 1464 1133 exemplis.

401 1139 441 1171 In
481 1135 648 1183 Hispania
685 1148 823 1181 quoque
855 1136 991 1182 vigebat
1024 1137 1123 1171 etiam
1169 1135 1231 1172 sub
1276 1138 1449 1183 Gregorio
1493 1147 1590 1171 vetus
1625 1135 1682 1171 illa
1718 1134 1869 1182 discipli·

251 1199 314 1227 na,
365 1198 404 1221 ut
437 1186 553 1221 causae
598 1184 843 1231 episcoporum
879 1186 1002 1233 synodi
1034 1186 1257 1231 provincialis
1292 1186 1418 1233 judicio
1455 1184 1654 1226 finirentur,
1695 1196 1728 1221 et
1762 1185 1787 1220 fi
1817 1185 1870 1221 di-

251 1236 321 1270 vila
353 1233 488 1270 fuissent
522 1233 763 1279 episcoporum
799 1244 897 1270 vota,
948 1233 1180 1268 finitimorum
1206 1234 1449 1279 episcoporum
1473 1235 1602 1280 judicio
1628 1247 1680 1269 res
1708 1235 1870 1270 termina,-

253 1296 357 1319 retur.
435 1281 497 1317 Ista
530 1282 581 1316 lex
614 1281 800 1316 habebatur
836 1283 871 1315 in
909 1279 1110 1316 collestione
1145 1282 1288 1316 Martini
1323 1282 1548 1321 Bracarenfis,
1585 1296 1651 1327 qua
1684 1295 1759 1320 tum
1789 1283 1868 1318 His-

255 1334 356 1380 pania
379 1331 536 1367 utebatur
561 1343 631 1365 can.
666 1341 721 1375 13.
773 1332 936 1365 Tentavit
958 1331 1153 1376 Gregorius
1179 1329 1341 1366 adversus
1368 1332 1453 1367 hanc
1489 1332 1700 1379 disciplinam
1727 1333 1869 1379 Stepha-

255 1395 338 1418 num
356 1380 555 1427 episcopum
577 1393 595 1415 a
618 1381 746 1414 vicinae
764 1381 962 1425 provinciae
980 1378 1148 1425 episcopis
1165 1379 1356 1426 depolitum
1373 1381 1414 1416 ad
1433 1381 1543 1416 sedem
1571 1381 1786 1428 apostolicam
1813 1381 1870 1418 ad-

254 1432 440 1478 pellantem
451 1431 617 1477 judicare,
646 1431 733 1463 ratio
750 1430 821 1475 ejus
841 1429 922 1463 haec
930 1440 1009 1469 erat,
1022 1429 1112 1472 quod
1127 1428 1183 1462 ille
1193 1441 1252 1464 nec
1263 1430 1561 1476 metropolitanum
1573 1444 1633 1466 nec
1642 1431 1868 1477 pataiarcham

257 1481 414 1520 haberet,
467 1491 504 1514 ac
519 1479 667 1526 proinde
683 1478 884 1525 judicandus
904 1476 978 1512 effer
994 1491 1011 1512 a
1030 1480 1182 1512 Romana
1200 1478 1342 1519 ecclefia,
1359 1492 1443 1523 quae
1459 1493 1561 1527 caput
1577 1479 1622 1515 est
1638 1493 1866 1523 caeterarum,

256 1542 333 1565 curn
351 1542 419 1564 non
438 1529 533 1563 liceat
550 1529 747 1573 episcopum
764 1527 804 1562 ab
826 1526 994 1573 episcopis
1012 1527 1108 1562 alieni
1128 1527 1263 1562 concilii
1280 1527 1442 1574 judicari,
1477 1543 1512 1565 nc
1538 1529 1696 1576 posthaec
1717 1530 1876 1576 Hispani,

256 1579 492 1625 adpellationis
510 1579 552 1613 ad
572 1578 679 1612 sedem
696 1580 885 1612 Romanam
904 1577 1128 1612 removendae
1149 1576 1244 1611 causa
1261 1577 1508 1623 permiserunt,
1534 1591 1572 1614 ut
1584 1579 1739 1614 caufaein
1751 1579 1868 1616 secun-

257 1630 298 1664 da
315 1628 443 1676 synodo
471 1629 720 1675 judicarentur:
775 1627 809 1661 id
841 1627 981 1662 habetur
1005 1640 1042 1661 ex
1071 1639 1199 1661 canone
1220 1634 1276 1665 28.
1296 1628 1430 1662 concilii
1449 1628 1612 1663 Toletani
1635 1630 1746 1673 quarti
1763 1629 1869 1666 habiti

255 1692 345 1714 anno
370 1682 455 1713 666.
509 1678 709 1724 Episcopus,
737 1676 912 1724 presbyter
925 1701 935 1714 ‚
961 1686 1021 1711 aut
1038 1677 1190 1712 diaconus
1195 1676 1226 1723 fi
1244 1690 1262 1710 a
1277 1677 1395 1724 gradu
1408 1678 1468 1723 sno
1486 1678 1607 1724 injuste
1623 1678 1766 1724 dejefius
1778 1682 1815 1714 in
1817 1680 1869 1724 se-

257 1728 363 1763 cunda
375 1727 500 1775 synodo
518 1731 670 1761 innocens
689 1731 902 1773 reperiatur,
932 1739 996 1761 non
1013 1727 1120 1774 potest
1136 1726 1209 1773 effe,
1228 1725 1316 1774 quod
1330 1730 1475 1773 fuerat,
1501 1727 1563 1774 '¹¹st
1576 1727 1710 1776 gradus
1736 1729 1867 1776 amzjffos

259 1780 405 1824 accipiat
423 1789 530 1811 coram
551 1778 660 1811 altari
678 1776 719 1810 de
735 1789 833 1811 manu
864 1776 1016 1822 eprscopi.

403 1825 483 1860 Post
502 1826 582 1860 haec
598 1837 752 1871 tempora
775 1825 930 1860 nonnulli
949 1825 1001 1870 jus
1027 1823 1165 1870 aliquod
1191 1828 1322 1861 novum
1340 1824 1388 1860 ab'
1409 1825 1543 1862 ecclelia
1569 1836 1744 1873 receptum
1767 1821 1870 1861 fuisse

259 1874 399 1916 volunt3
418 1874 545 1909 saeculo
566 1876 698 1921 quippe
716 1872 837 1910 ofilavo
855 1875 896 1909 ad
917 1872 1018 1909 finem
1041 1874 1186 1915 labente,
1213 1873 1284 1915 vel,
1314 1887 1351 1909 ut
1365 1875 1421 1909 alii
1441 1876 1575 1916 volunt,
1605 1889 1636 1910 et
1658 1888 1723 1921 ego
1741 1875 1868 1921 proba-

252 1924 360 1958 hilius
377 1924 534 1964 aestimo,
587 1937 680 1959 nono
700 1926 886 1971 incipiente
913 1925 1042 1970 prodiit
1060 1925 1216 1959 inlucem
1239 1922 1459 1970 epistolarum
1478 1925 1699 1961 decretalium
1716 1924 1868 1970 farrago,

252 1984 342 2018 quas
361 1973 528 2008 veteribus
545 1973 782 2019 pontificibus,
811 1973 921 2008 nescio
940 1977 1014 2018 quis
1033 1974 1172 2020 insignis
1190 1972 1358 2019 impostor
1375 1973 1526 2022 subjecit,
1553 1976 1588 2010 in
1609 1975 1661 2009 his
1677 1986 1744 2010 non
1763 1973 1867 2010 inodo

253 2024 310 2070 *jus
327 2022 562 2068 adpellationis
583 2027 737 2058 Romano
755 2023 918 2070 episcopo
939 2023 1121 2064 tribuitur,
1174 2021 1229 2057 sed
1247 2023 1344 2058 etiam
1373 2036 1390 2058 a
1409 2024 1584 2070 nonnullis
1601 2036 1737 2062 earum,
1764 2022 1868 2073 syno-

261 2072 312 2106 dis
333 2072 529 2118 provinciae
545 2073 709 2119 judicium
730 2072 971 2118 episcoporum
992 2074 1205 2109 interdicitur
1225 2071 1415 2109 inconsulto
1444 2073 1609 2120 episcopo
1633 2076 1807 2114 Romano,
1833 2083 1867 2108 et

258 2121 326 2156 fine
345 2121 431 2156 sedis
449 2122 518 2169 ejus
536 2122 747 2157 authoritate.
804 2125 877 2157 Has
901 2123 1006 2158 statim
1033 2121 1187 2170 epistolas
1207 2121 1328 2158 summi
1354 2123 1547 2168 pontifices,
1566 2126 1600 2158 in
1621 2135 1770 2168 quorum
1787 2134 1865 2169 grn-

259 2173 340 2206 ziam
361 2183 452 2206 erant
469 2169 647 2211 confflae,
678 2171 774 2217 avide
799 2175 1038 2218 arripuerunt,
1069 2184 1100 2207 et
1115 2171 1243 2217 ubique
1262 2172 1485 2218 promulgare
1497 2174 1608 2209 conati
1627 2172 1723 2209 sunt,
1751 2173 1786 2206 in
1796 2172 1866 2217 pri-

258 2222 322 2254 mis
349 2233 431 2255 vero
454 2221 620 2256 Nicolaus
646 2222 780 2266 primus
801 2223 834 2257 in
862 2221 1000 2268 epistola
1029 2222 1069 2257 ad
1089 2221 1270 2268 episcopos
1288 2221 1418 2257 Galliae
1435 2224 1467 2256 in
1489 2220 1866 2258 emilii-RoradiSueffio-

258 2268 382 2303 nensis:
435 2269 618 2312 Quamvis,
645 2272 772 2314 inquit,
809 2272 864 2319 etsi
881 2272 992 2316 sedem
1014 2273 1219 2318 ¹apostolicam
1244 2273 1433 2307 nullatenus
1457 2271 1653 2318 adpellaffet
1678 2278 1865 2308 contradat

257 2329 385 2359 tamen,
414 2329 446 2357 et
461 2329 560 2356 tanta
580 2333 633 2357 vos
652 2321 835 2358 decretalia
857 2318 1133 2369 efferristn'tuta:
1161 2331 1195 2357 et
1213 2325 1396 2370 episcopum
1407 2324 1597 2369 inconsultis
1615 2321 1703 2357 nobis
1723 2319 1866 2367 deponet

1773 2378 1812 2405 re
