1992 2739
334 212 381 246 90
529 200 603 236 DE
636 197 912 241 ANTIQVA
952 194 1256 230 ECCLESIAE
1296 192 1640 230 DISCIPLINA

283 288 453 327 oriretur,
480 297 557 321 cum
585 283 769 332 episcopus
797 284 904 320 modo
931 283 1109 319 ordinatus
1138 283 1216 318 loco
1239 283 1357 318 cedere
1381 282 1494 319 nollet.
1547 282 1600 318 Ad
1625 292 1783 328 quartum
1810 280 1897 317 dico.

285 335 505 383 perspicuum
532 333 595 370 esse
617 348 656 370 ex
682 334 762 382 ipsis
790 334 994 370 canonibus,
1024 334 1110 367 nihil
1127 333 1218 367 aliud
1236 334 1271 367 in
1290 333 1434 368 concilio
1455 333 1599 368 Romani
1619 331 1772 379 episcopi
1790 331 1900 366 deter-

285 387 422 425 minari,
449 397 507 420 aut
523 386 662 430 inquiri,
694 397 795 429 quam
813 396 930 419 utrum
949 383 1043 417 causa
1062 383 1099 418 sit
1117 381 1327 418 retrassanda
1346 385 1379 416 in
1407 382 1583 427 provincia
1611 393 1670 416 nec
1697 394 1757 422 ne,
1787 381 1902 426 itaque

286 435 368 470 haec
386 433 485 471 verba
500 435 637 470 canonis
656 432 799 480 septimi,
818 433 916 469 donec
937 439 1031 477 causa
1050 435 1120 480 ejus
1130 435 1247 478 fuerit
1266 435 1303 466 in
1315 432 1446 478 judicio
1466 432 1611 465 Romam·
1628 431 1773 477 epzscopi
1792 431 1903 465 deter-

285 489 431 522 minata,
458 497 527 518 non
551 483 738 530 significant
761 482 893 518 causam
919 495 936 516 a
961 484 1114 517 Romano
1134 480 1294 528 episcopo
1313 480 1545 528 judicandam,
1573 477 1628 513 sed
1647 491 1780 514 tantum
1797 479 1838 513 ab
1857 491 1899 515 eo

287 533 600 571 determinandum,
626 544 744 567 utrum
771 532 866 567 locus
888 531 927 567 fit
947 545 1039 566 novo
1058 533 1202 566 examini
1229 543 1260 564 et
1286 531 1425 577 judicio.
1478 529 1611 564 Eodem
1629 528 1736 564 modo
1755 530 1900 564 verbum

285 581 373 617 istud
403 583 542 617 canonis
570 581 724 627 septimi,
742 581 772 629 fi
797 581 1038 628 adpellaverit.
1065 594 1134 615 non
1161 580 1257 614 debet
1283 579 1396 614 stricie
1419 578 1508 613 sumi
1525 590 1592 624 pro
1609 586 1738 613 vera'et
1755 579 1901 625 proprie

285 632 374 666 disla
390 631 632 678 adpellati0ne‚
661 630 717 666 sed
736 632 921 676 generatim
942 643 1009 676 pro
1028 634 1122 665 omni
1142 628 1308 675 confugio
1326 629 1367 663 ad
1388 628 1600 674 superiorem
1613 654 1621 669 ,
1649 627 1741 664 unde
1759 629 1900 674 optime,

286 693 320 717 et
338 683 376 715 ad
404 693 550 716 mentem
567 680 818 715 -Snrdicenlium
840 692 978 727 patrum
998 682 1150 715 Graecus
1165 681 1329 725 interpres
1347 677 1516 715 reddidit,
1543 690 1579 712 ac
1600 679 1708 713 veluti
1726 678 1901 725 adpellant

285 734 493 779 confugerit.
551 734 657 765 Porro
687 741 870 776 perperam
895 732 1043 765 Zonaras
1071 741 1102 764 et
1131 727 1308 764 balsamon
1324 753 1332 765 ‚
1359 739 1457 773 atque
1474 739 1552 762 cum
1571 728 1613 761 iis
1629 726 1788 761 nonnulli
1805 738 1903 773 puta-

282 791 426 817 verunt,
456 779 540 814 hisce
556 779 739 815 canonibus
759 779 929 824 duplicem
947 777 1220 814 retrcflationem
1241 778 1393 826 ejusdem
1413 777 1527 812 causae
1551 776 1707 818 concedi,
1733 775 1776 812 fic
1791 776 1904 822 loqui-

289 841 347 865 tur
368 829 544 864 Balsamon
565 831 598 863 in
618 830 896 874 interpretatione
913 830 1051 864 canonis
1070 829 1204 876 septimi
1222 827 1405 863 secundum
1423 825 1641 875 Dionysium,
1669 838 1702 860 et
1719 827 1833 873 quinti
1852 824 1901 861 sc-

285 879 438 914 cundum
465 879 594 925 ipsum:
630 880 802 924 Praesens,
840 878 974 925 inquit,
1003 891 1104 914 canon
1122 879 1218 917 dicit,
1243 877 1364 926 quodfi
1380 879 1453 925 quis
1469 889 1489 911 a
1504 875 1770 924 provincialibus
1784 877 1904 923 epifi-o-

283 932 341 978 pis
367 929 596 964 condemnatus
613 930 755 974 fuerit,
781 936 814 963 et
833 928 878 961 ad
898 940 1023 974 papam
1043 928 1289 974 adpellaverit,
1319 928 1375 961 ille
1397 928 1522 960 vicinis
1539 928 1698 972 episcopis
1714 924 1901 966 mandabit,

283 987 326 1013 ut
347 978 389 1013 de
407 977 630 1023 adpellatione
647 979 853 1024 cognoscant,
872 976 901 1021 fi
920 977 976 1010 hoc
989 976 1113 1022 justum
1131 976 1196 1021 effe
1208 978 1407 1022 putaverit,
1435 986 1468 1009 et
1478 975 1506 1019 fi
1524 977 1554 1008 is
1570 986 1696 1020 quoque
1714 973 1754 1008 ab
1774 976 1816 1008 iis
1834 987 1904 1008 con·

286 1026 459 1061 demnatm
471 1027 602 1072 fuerit,
630 1035 663 1060 et
677 1024 818 1068 secunde
836 1024 881 1058 ad
894 1036 1018 1070 papam
1037 1024 1217 1070 accefferit,
1252 1032 1285 1058 et
1304 1026 1336 1057 ei
1355 1024 1460 1066 vis-um
1477 1022 1518 1067 est
1536 1034 1584 1061 ea,
1601 1034 1684 1069 quae
1698 1025 1798 1068 prius
1807 1023 1905 1069 judi·

286 1083 361 1109 eata
378 1076 462 1119 sunt
486 1075 598 1119 rursus
623 1075 828 1112 examinari,
855 1085 898 1107 ne
916 1075 1116 1120 negaturis,
1137 1074 1194 1120 qui
1218 1072 1453 1107 condemnavit
1478 1072 1615 1105 Romam
1632 1074 1768 1112 venire,
1797 1072 1854 1115 sed
1869 1074 1907 1107 in

282 1126 494 1171 provinciam
512 1126 556 1169 ju
584 1137 605 1158 u
626 1135 737 1170 papae
753 1124 896 1157 veniam
908 1122 1103 1169 presbytcri
1120 1134 1160 1156 ex
1179 1123 1250 1168 ejus
1266 1123 1390 1161 latere,
1414 1120 1479 1162 five
1498 1119 1539 1154 ab
1559 1122 1628 1166 ejus
1647 1119 1781 1167 ecclesia.
1820 1121 1908 1157 *Ubi

286 1173 381 1207 vides
415 1171 650 1206 Balsamonem
674 1170 870 1206 existimasse
887 1185 903 1205 a
919 1171 1066 1206 concilio
1090 1170 1273 1205 sardicensi
1292 1166 1476 1204 concessam
1497 1167 1558 1202 esse
1576 1172 1732 1204 Romano
1747 1169 1905 1216 pontifici

287 1220 487 1268 potestatem
497 1218 746 1254 retraetationis
757 1218 809 1253 bis
818 1219 1064 1258 concedendae,
1082 1219 1104 1252 si
1117 1218 1217 1252 itailli
1228 1219 1336 1252 visum
1348 1216 1463 1251 fuerit.
1500 1218 1747 1261 Verumfiquis
1757 1230 1904 1255 canones

287 1271 477 1305 accuratius
488 1270 664 1307 examinet,
678 1269 705 1301 is
716 1266 812 1300 nullo
823 1268 964 1311 negotio
976 1268 1154 1312 perspiciet
1164 1266 1264 1300 unius
1272 1277 1403 1300 tantum
1416 1264 1659 1300 retrastationis
1671 1266 1905 1304 concedendae

284 1318 486 1369 potestatem
505 1317 578 1352 dari
594 1320 750 1352 Romano
768 1315 936 1362 pontifici,
953 1327 985 1350 et
1004 1316 1043 1350 dc
1061 1315 1177 1350 eadem
1196 1315 1403 1349 mentionem
1420 1312 1494 1348 fieri
1512 1326 1583 1350 can.
1607 1326 1636 1358 3.
1655 1327 1688 1357 4.
1706 1328 1738 1350 et
1756 1328 1788 1359 7.

388 1371 509 1403 Unum
536 1379 673 1413 praeter
697 1367 778 1400 haec
795 1365 1055 1400 examinandum
1074 1364 1241 1412 superest,
1271 1376 1386 1399 utrum
1405 1365 1438 1396 vi
1459 1363 1704 1398 Sardi-:ensium
1722 1376 1903 1406 canonum.

288 1430 418 1453 novum
442 1417 605 1463 judicium
631 1413 709 1450 esset
736 1415 861 1450 eisdem
885 1417 1085 1461 provinciae
1112 1415 1280 1460 episcopis
1297 1409 1466 1459 adjunffis
1486 1409 1660 1454 finitimis,
1688 1417 1902 1451 committen-
1926 1428 1933 1432 ’

289 1467 384 1503 dum.
437 1464 543 1502 Causa
562 1464 740 1501 dubitandi
762 1465 841 1499 haec
859 1464 922 1502 est,
949 1465 1040 1512 quod
1060 1464 1209 1512 synodus
1234 1460 1462 1496 finitimorum
1489 1472 1618 1498 tantum
1638 1461 1761 1499 diserte
1779 1466 1902 1500 memi-
1941 1500 1945 1504 ,

288 1518 379 1552 nerit
397 1528 466 1551 non
484 1514 725 1562 episcoporum
742 1516 948 1561 provinciae.
1001 1517 1243 1548 Verumtamen
1261 1510 1442 1545 verisimile
1461 1510 1506 1545 est
1526 1523 1678 1547 mentem
1694 1513 1766 1561 ejus
1790 1513 1898 1554 fuisse,

292 1576 329 1601 ut
346 1567 480 1612 priores
498 1565 622 1611 judices
638 1578 715 1600 cum
735 1564 888 1599 finitimis
907 1562 1076 1599 sederent,
1103 1562 1139 1596 id
1161 1562 1253 1595 enim
1270 1559 1346 1595 satis
1365 1559 1514 1595 indicam
1533 1561 1633 1596 verba
1652 1560 1726 1604 ista,
1752 1572 1790 1598 ut
1806 1577 1901 1600 reno-

287 1615 585 1662 veturjudicium,
613 1616 798 1655 concilium,
825 1625 972 1648 examen.
1026 1611 1158 1646 Deinde
1174 1623 1256 1645 vero
1274 1609 1333 1644 ubi
1357 1622 1426 1644 non
1445 1608 1491 1644 est
1507 1613 1726 1656 provocatio,
1761 1611 1817 1648 sed
1832 1625 1902 1648 tan-

290 1676 364 1700 tum
382 1664 513 1703 revifio,
541 1675 574 1698 er
589 1662 781 1699 retra'ciatio
796 1661 921 1698 causae,
948 1660 1082 1707 semper
1102 1660 1194 1695 idem
1214 1669 1363 1694 remanet
1378 1659 1488 1706 judex,
1516 1673 1576 1695 nec
1594 1662 1624 1695 ei
1643 1660 1815 1707 judicandi
1834 1675 1902 1710 po-

285 1714 381 1750 testas
399 1711 568 1754 aufertur,
595 1713 649 1749 sed
668 1726 795 1748 novum
813 1711 990 1746 mandatur
1008 1722 1157 1746 examen.
1213 1720 1242 1753 3.
1269 1711 1302 1743 Si
1326 1722 1394 1743 non
1413 1708 1567 1746 interesse
1586 1710 1771 1746 debuissent
1787 1711 1901 1748 secun.

289 1764 334 1798 do
351 1763 478 1810 judicio
497 1764 631 1810 priores
649 1763 778 1810 judices
793 1788 801 1802 ,
828 1773 887 1795 cur
905 1760 1053 1808 synodus
1071 1756 1242 1808 judicasset
1258 1759 1493 1794 renovandum
1516 1758 1580 1794 esse
1596 1760 1631 1794 in
1649 1762 1827 1805 provincia
1845 1761 1898 1808 ju-

290 1813 437 1853 dicium,
466 1825 536 1847 non
563 1825 673 1848 autem
697 1811 851 1847 Romae?
903 1822 936 1853 4.
963 1811 1042 1846 Dici
1068 1822 1136 1845 non
1164 1805 1274 1856 potest
1303 1820 1359 1842 eos
1381 1821 1399 1842 a
1423 1808 1550 1855 judicio
1571 1809 1718 1844 secundo
1738 1811 1897 1852 exclusos,

287 1874 363 1896 cum
384 1862 552 1897 naturales
569 1862 633 1897 fint
653 1874 682 1897 et
700 1862 844 1907 legitimi
861 1859 998 1908 judice&
1051 1858 1182 1896 Deinde
1205 1857 1331 1893 necesse
1358 1868 1430 1892 erat
1448 1871 1505 1893 eos
1525 1857 1698 1896 interesse,
1725 1871 1762 1895 ut
1779 1860 1899 1907 judicii

288 1913 416 1958 prioris
442 1914 608 1947 rationem
633 1911 833 1951 redderent,
863 1909 1081 1955 dicerentque
1106 1908 1228 1957 quibus
1252 1907 1443 1942 rationibus
1467 1910 1552 1943 moti
1571 1908 1772 1955 episcopum
1791 1909 1898 1956 depo.

289 1960 440 2001 fuissent,
469 1975 578 2007 porro
608 1960 630 1995 {i
657 1962 772 2006 negari
802 1972 870 1995 non
897 1959 1005 2005 potest
1031 1972 1089 1995 eos
1105 1955 1307 1994 interfuisse,
1334 1957 1447 2002 negari
1464 1970 1606 2003 quoque
1624 1971 1693 1993 non
1711 1957 1820 2004 potest
1841 1972 1899 1996 eos

288 2010 416 2059 judices
441 2008 554 2050 fuisse,
582 2023 660 2045 nam
686 2009 840 2055 episcopi
864 2009 898 2043 in
927 2009 1080 2044 conciliis
1105 2008 1181 2043 licet
1199 2018 1314 2053 partes
1331 2005 1406 2041 suas
1427 2019 1456 2041 et
1473 2007 1598 2053 judicia
1615 2019 1787 2047 tueantur,
1813 2007 1898 2045 sem-

287 2072 351 2106 per
367 2071 406 2094 ut
425 2059 551 2106 judices
569 2058 744 2098 sederunt,
773 2059 878 2092 donec
896 2059 944 2092 rei
963 2057 1025 2093 esse
1041 2059 1335 2096 convincerentur,
1365 2067 1395 2089 et
1413 2068 1625 2091 caeterorum
1644 2057 1799 2094 omniurn
1815 2070 1897 2094 con-

287 2108 383 2144 sensu
409 2110 658 2144 damnarentur.
711 2111 876 2147 Danum,
905 2107 990 2143 hanc
1012 2105 1211 2144 Sardicensis
1236 2104 1360 2153 synodi
1377 2116 1522 2142 mentem
1541 2104 1658 2147 fuisse,
1685 2118 1717 2141 et
1735 2105 1776 2140 fic
1792 2119 1810 2141 a
1830 2110 1898 2143 Ro-

287 2170 386 2193 mana
405 2157 533 2193 ecclesia
549 2168 715 2203 acceptam
729 2183 737 2198 ,
773 2158 842 2204 ejus
862 2155 1071 2193 saumonem
1086 2153 1186 2191 fuisse
1204 2154 1306 2190 fidem
1321 2152 1403 2189 facit
1420 2166 1518 2189 vetus
1536 2157 1674 2190 canonis
1693 2154 1826 2202 septimi
1844 2159 1898 2192 in.

286 2208 445 2253 scriptio,
473 2209 505 2241 in
525 2209 629 2242 veteri
644 2207 760 2241 codice
779 2206 929 2241 ecclesiae
945 2210 1114 2243 Romanae
1129 2205 1172 2240 de
1189 2204 1409 2240 retraft’anda
1425 2205 1518 2250 causta
1536 2205 1742 2251 adpellantis
1761 2208 1798 2240 in
1813 2218 1898 2252 pro.

285 2259 428 2295 vinciali
442 2256 578 2306 synodo.
631 2257 848 2295 Provincialis
868 2255 1017 2306 synodus
1034 2254 1192 2296 mehaud
1212 2253 1315 2293 dubie
1332 2252 1378 2292 est
1404 2252 1555 2302 synodus
1581 2255 1786 2303 provinciae,
1812 2267 1900 2299 quae.

1313 2322 1318 2330 ’
1767 2314 1844 2342 ωῑθ
