2023 2760
458 195 960 250 DISSERTA'rtoNES
1002 197 1370 245 HISTORICAE.
1655 222 1671 255 5

108 284 207 324 leti'us
223 289 326 322 etiam
342 288 603 335 archiepiscopus
617 300 658 324 ex
678 286 869 326 Thebaides
896 289 996 331 item,
1023 293 1287 341 archiepiscopus
1301 297 1468 333 „Meletius
1490 298 1526 332 in
1546 298 1726 344 Acgyptog

107 349 226 372 verum
242 337 393 378 subditus
407 338 620 374 Alexandro.
673 340 784 372 Porro
799 337 876 373 licet
891 340 927 374 in
947 339 1048 375 rebus
1066 343 1199 377 Meletii
1222 346 1413 380 enarrandis
1432 347 1580 391 graviter
1601 346 1654 379 hic
1664 346 1723 379 ab·

107 397 198 421 erret
212 386 448 432 Epiphanius,
477 389 566 422 exiis
577 399 687 422 tamen
704 386 865 432 colligere
882 386 936 429 est,
953 401 1073 425 vocem
1091 392 1338 440 archiepiscopi
1361 395 1425 429 hoc
1443 397 1597 440 tempore
1613 395 1648 428 in
1659 393 1723 429 usu

105 432 225 476 fuisse,
278 446 388 480 eoque
410 434 596 481 significari
621 435 791 482 insignem
810 437 991 481 quemdam
1008 440 1099 474 inter
1115 440 1201 475 alios
1231 442 1448 489 episcopum,
1501 443 1560 488 qui
1586 444 1723 478 caeteris

106 484 366 529 quodammodo
383 483 554 532 praeesset.
607 486 766 531 Denique
783 486 903 522 eodem
922 485 1053 523 saeculo
1071 489 1295 525 Marcellinus
1313 503 1345 526 et
1361 491 1725 540 Faustinuspresbyte-

105 536 136 569 ri
152 535 188 569 in
205 533 322 570 libello
338 547 480 582 precum
496 535 539 570 ad
555 536 801 582 irnperatores,
829 535 1014 572 Damasum
1031 549 1154 574 vocant
1171 536 1487 586 archiepiscopandi,
1514 541 1642 578 eodem,
1669 543 1721 575 in'-

106 584 249 629 quiunt,
276 593 423 631 tempore
433 587 561 633 gravis
569 584 729 631 adversus
747 597 804 621 nos
820 586 1043 623 inhorruerat
1055 590 1275 637 persequutio
1295 592 1460 625 incitante
1474 589 1614 634 Damaso
1625 602 1723 637 [ἕνε-

106 636 170 682 gio
192 633 450 680 archieptfiopo.
757 649 767 657 ’

253 684 389 718 Verum
407 681 561 718 ufitatior
577 680 693 729 postea
709 680 778 718 fuit
797 683 921 727 quinto
939 681 1071 720 saeculo
1092 699 1160 721 vox
1178 685 1237 722 ista
1252 712 1262 728 ,
1290 698 1321 722 et
1341 686 1445 733 paulo
1463 685 1562 720 latins
1587 685 1724 721 extendi

106 731 242 778 coepit,
268 730 312 767 fic
325 729 391 772 a&
411 745 442 767 1.
460 744 492 768 2.
512 743 544 767 et
565 737 598 768 6.
625 732 762 768 concilii
780 732 943 778 Ephefini
961 745 1030 769 non
1043 733 1144 770 semel
1161 737 1425 784 archiepiscopus
1443 735 1634 780 adpellatur
1644 737 1724 769 Coc-

105 781 239 828 Ieflinus
255 783 430 816 Romanus
448 780 649 829 episcopus,
678 794 710 817 et
733 780 915 830 saepiffime
933 783 1086 831 Cyriflus
1101 785 1369 832 AlexandrinuS,
1398 785 1456 830 qui
1471 785 1563 819 hunc
1582 784 1722 819 titulum

103 827 178 866 fiere
191 829 326 877 semper
339 830 489 878 epistolis
507 830 575 866 suis
593 830 762 878 praefigit.
815 832 984 868 Eumdem
1011 846 1151 880 quoque
1169 836 1295 884 Joanni
1318 835 1536 870 Antiocheno
1563 834 1725 869 tribuunt

104 879 285 915 orientales
303 881 338 915 in
358 879 511 926 pseudo·
527 880 660 929 synodo
679 881 859 928 Ephefina.
911 884 954 917 Et
977 884 1053 919 Soz.
1083 884 1143 920 lib.
1165 897 1195 920 2.
1221 897 1294 931 cap.
1316 896 1349 929 7.
1401 885 1593 918 Simeonem
1623 882 1727 917 Crest-

103 928 244 975 phontis
261 940 296 965 et
311 929 482 966 Seleuciae
497 929 768 967 nobliffirnarum
785 930 930 967 Persidis
949 932 1089 969 urbium
1107 932 1289 970 antistitem
1313 932 1559 979 archiepiscopi
1585 933 1725 967 nomine

103 976 251 1025 mfignit.

254 1027 350 1062 Idem
366 1027 492 1062 titulus
515 1028 623 1062 Leoni
646 1028 779 1073 saepius
806 1028 973 1063 tribuitur
996 1030 1030 1063 in
1058 1030 1340 1074 inscriptionibus
1365 1030 1602 1076 epistolarum,
1639 1041 1724 1073 quae

104 1075 239 1111 concilii
257 1073 539 1110 Chalcedonensis
557 1075 640 1110 astis
659 1077 944 1120 praemittuntur,
971 1076 1028 1110 sed
1049 1077 1096 1111 ibi
1117 1079 1253 1112 videtur
1271 1079 1425 1115 additus,
1452 1091 1530 1112 cum
1558 1077 1628 1122 ipse
1653 1081 1723 1111 Leo

105 1137 228 1160 nomen
250 1135 384 1158 tanturn
400 1122 555 1169 episcopi
581 1124 617 1157 in
636 1123 886 1169 posterioribus
911 1124 1128 1170 epistolarum
1154 1125 1439 1171 inscriptionibus
1463 1126 1626 1161 adsumat.
1681 1129 1722 1160 In

105 1173 252 1209 concilio
270 1170 653 1214 Constantinopolitano
677 1171 838 1204 adversus
870 1174 1058 1218 Eut-schem
1086 1173 1268 1218 saepiffime
1292 1176 1471 1209 Flavianus
1497 1173 1722 1220 archiepisco-

103 1226 170 1268 pus
187 1219 386 1264 adpellatur.
438 1219 478 1251 In
496 1216 760 1251 Chalcedonenfi
779 1218 871 1252 idem
886 1218 1008 1252 titulus
1026 1221 1191 1254 tribuitur
1211 1223 1339 1257 Leoni,
1367 1222 1545 1262 Anatolio,
1579 1223 1723 1258 Diosco-

104 1282 165 1310 ro,
191 1266 344 1316 Cyrisso,
371 1266 527 1301 Maximo
545 1265 775 1304 Antiocheno,
801 1265 961 1312 Juvenali
979 1266 1130 1304 Hieros,
1154 1268 1295 1308 Pmclo,
1331 1279 1364 1302 et
1380 1281 1516 1314 praeter
1539 1270 1603 1304 hos
1626 1274 1658 1304 T
1664 1271 1726 1305 ha-

102 1317 194 1354 laffio
213 1312 419 1352 Caesareenfi
445 1316 479 1349 in
503 1326 556 1360 ep.
581 1315 801 1360 imperatoris
826 1314 869 1349 ad
894 1313 1050 1351 Dioscor.
1075 1315 1138 1351 col.
1173 1328 1251 1352 110.
1277 1328 1361 1353 tom.
1389 1329 1423 1359 4.
1440 1329 1534 1352 conc.
1554 1320 1722 1365 Anastasio

111 1363 396 1414 leeffalonicenfi.
451 1361 527 1399 AR.
546 1375 575 1407 3.
591 1375 682 1398 conc.
700 1363 846 1407 denique
864 1361 939 1399 AR.
965 1377 1018 1399 10.
1037 1365 1101 1399 col.
1132 1369 1213 1409 677.
1241 1367 1414 1401 Maximus
1438 1365 1668 1402 Paschasinuni
1691 1380 1723 1402 et

102 1416 308 1453 ⁴Lucentiam
325 1413 452 1449 Leonis
470 1413 599 1459 legatos
617 1411 890 1458 archiepiscopos
909 1425 1019 1448 vocat.
1073 1416 1186 1455 Sicut³
1215 1418 1344 1464 inquit,
1371 1417 1480 1460 visum
1504 1416 1548 1462 est
1557 1416 1722 1463 scmffiff.

107 1469 169 1502 mir
184 1465 450 1511 archiepiscopis,
461 1465 522 1510 qui
537 1464 640 1498 locum
649 1461 845 1509 sanc‘Yiffimi
861 1464 1104 1510 archiepiscopi
1124 1465 1243 1499 Leonis
1262 1469 1424 1500 retinent.

257 1512 362 1560 Apud
379 1513 567 1558 Evagrium
584 1522 617 1546 et
633 1512 667 1545 in
683 1510 843 1545 Novellis
869 1511 1005 1561 saepius¹
1030 1512 1277 1559 archiepiscopi
1300 1526 1424 1548 nomen
1453 1514 1622 1548 occurrit.-
1665 1513 1723 1549 sed

107 1565 164 1600 vix
180 1563 255 1600 aliis
273 1562 436 1598 tribuitur
452 1573 554 1605 quam
569 1562 745 1597 Romano,
771 1560 1003 1598 Antiocheno,
1040 1562 1286 1603 Alexandrino,
1319 1562 1723 1609 Constantinopolitano,

106 1626 208 1661 atque
225 1612 326 1648 e'tiam
347 1610 521 1645 interdum
540 1607 876 1656 Hierosolymitano,
901 1609 1090 1656 Ephefixm,
1125 1624 1156 1646 et
1175 1611 1471 1648 Thessalonicenfi.

256 1665 297 1696 ln
314 1659 460 1695 concilio
482 1656 878 1703 Constantinopolitano,
904 1660 984 1693 anni
1006 1666 1087 1704 536.
1118 1674 1187 1696 non
1215 1662 1321 1696 modo
1348 1662 1413 1697 hoc
1437 1661 1574 1696 nomine
1597 1665 1666 1696 Leo
1692 1673 1724 1697 et

106 1714 253 1749 Mennas
270 1708 517 1755 insigniuntur,
545 1706 601 1742 sed
616 1719 648 1742 et
663 1705 738 1744 Ast.
761 1720 790 1752 5.
811 1707 1025 1754 Epiphanius
1042 1711 1134 1758 Tyri
1158 1721 1191 1746 et
1218 1710 1347 1747 Isaacus
1373 1715 1560 1757 Apameae,
1599 1711 1721 1747 eodem

109 1761 259 1808 epitheto
286 1770 357 1793 non
377 1769 455 1793 raro
480 1756 694 1794 decorantur.

257 1807 438 1843 Liberatus
457 1809 492 1841 in
510 1807 687 1842 Breviario
703 1818 774 1854 cap.
791 1805 998 1852 Capreolum
1014 1805 1313 1851 Carthaginensem
1324 1834 1332 1840 .
1361 1810 1530 1856 Joanncrn
1541 1809 1723 1844 Antioche-

109 1871 195 1896 num
210 1883 220 1897 ,
244 1856 377 1892 Rufum
396 1853 749 1897 Thessalonicensem,
774 1855 972 1903 Juvenalem
990 1854 1334 1904 Hierosolymorum,
1362 1869 1393 1892 et
1415 1857 1616 1893 flavianum
1642 1859 1723 1892 Phi-

110 1909 201 1956 lippi
216 1905 492 1952 archiepiscopos
507 1905 671 1951 adpellat:
700 1907 781 1950 quin
795 1905 891 1940 etiam
905 1917 976 1951 cap.
998 1917 1052 1949 17-
1072 1907 1259 1950 generatim
1277 1909 1323 1941 ait
1343 1909 1479 1941 Petrum
1496 1909 1669 1952 Moggum
1688 1920 1724 1941 ea

111 1958 309 1993 conditione
324 1957 359 1990 in
377 1953 455 1989 sede
469 1952 703 2000 permaniiss'e,
731 1964 772 1990 ut
780 1956 964 2000 susciperet
979 1955 1169 1989 Henoticsn
1183 1958 1366 2002 principis,
1395 1964 1429 1990 et
1453 1957 1588 1991 litteras
1609 1960 1723 1992 mitte-

112 2017 167 2044 ret
184 2006 306 2042 Acacio
325 2015 358 2039 et
373 2004 549 2051 Simplicio
565 2005 716 2038 Romano
733 2013 766 2039 et
783 2006 922 2039 caeteris
946 2004 1203 2049 archiepiscopis
1399 2013 1439 2041 a»,

262 2056 348 2088 Item
367 2054 402 2087 in
421 2064 513 2088 conc.
537 2065 567 2096 5.
586 2064 720 2088 oecum.
738 2050 983 2097 archiepiscopi
1000 2064 1126 2087 nomen
1155 2050 1325 2099 episcopis
1347 2055 1523 2093 Romano,
1561 2053 1723 2088 Constan-

111 2104 363 2150 tinopolitano,
389 2101 626 2140 Antiocheno,
653 2100 990 2150 Hierosolymitano,
1019 2112 1052 2136 et
1077 2100 1185 2136 collat.
1208 2115 1238 2137 2.
1267 2114 1351 2138 tom.
1373 2115 1404 2146 5.
1425 2114 1519 2137 conc.
1543 2104 1607 2137 col.
1636 2115 1679 2146 ⁴³3
1691 2114 1719 2136 1.

110 2165 143 2190 et
161 2151 397 2200 sequentibus,
430 2153 602 2185 Benenato
619 2148 843 2197 Justinianeae
860 2148 1019 2195 episcopo
1042 2149 1221 2185 tribuitur.

79 2238 81 2243 ,
263 2201 457 2246 Gregorius
473 2202 623 2244 Magnus
641 2198 888 2246 archiepiscopi
911 2198 1011 2232 titulo
1029 2197 1168 2243 insignit
1193 2198 1400 2234 Anastafium
1427 2198 1584 2234 Corinthi
1608 2198 1665 2232 lib.
1691 2212 1717 2235 r.

92 2243 169 2298 Rp.
188 2255 244 2289 26.
257 2250 465 2300 januarium
483 2247 712 2285 calaritanum
731 2248 790 2284 lib.
816 2261 845 2284 1.
864 2260 914 2294 ep.
942 2252 997 2281 62.
1016 2258 1048 2282 et
1067 2252 1124 2286 81.
1141 2258 1176 2283 et
1190 2248 1250 2283 lib.
1276 2261 1304 2281 2-
1328 2250 1390 2294 eps
1408 2259 1460 2292 34.
1487 2249 1723 2283 Marimanum

912 2300 945 2332 A
975 2307 992 2341 3
1539 2297 1673 2331 Raves»
