2022 2733
324 203 841 240 DissEnTATmNEs
871 205 1492 249 HISTORICAE.D1ss21u-.V1.
1602 227 1669 262 3¹3

106 295 291 330 terminare
315 291 450 339 aliquid
471 300 689 332 tentaremus,
739 302 879 339 praeter
901 293 1056 330 divinam
1077 295 1228 342 offensam
1254 306 1288 334 et
1308 298 1507 336 mundanam
1525 303 1725 348 infamiam‚.

107 354 205 391 quam
226 355 265 378 ex
282 355 318 378 eo
334 342 494 389 Foffemm
514 345 707 378 incurrere,
727 344 854 388 forsan
871 345 1004 380 ordinis
1022 343 1055 380 et
1079 345 1180 390 officii
1197 346 1290 384 nobis
1309 351 1495 396 periculum
1521 353 1721 392 immineret.

109 394 246 427 Putavit
265 403 348 438 ergo
365 389 462 436 posse
482 389 609 434 aliquid
629 392 811 426 concilium
829 394 1000 438 generale:
1029 395 1120 440 quod
1137 394 1198 431 fibi
1215 396 1325 434 facere
1341 411 1412 435 non
1430 398 1591 437 liceretac
1600 405 1720 449 proin-

103 442 144 477 de
160 443 379 478 autoritatem
397 441 562 486 generalis
579 440 716 474 concilii
734 440 792 475 sua
819 441 1031 488 superiorem
1058 447 1210 490 agnovit,

255 492 448 536 Gregorius
467 492 504 524 X.
536 490 570 523 in
589 487 777 523 indietione
797 491 933 526 concilii
949 493 1187 538 Lugdunensis
1203 495 1354 540 agnoscit
1373 496 1406 531 se
1424 496 1534 535 solum
1553 500 1618 535 fine
1637 513 1719 538 con-

100 541 180 580 eilio
200 541 349 588 generali
374 552 442 574 non
462 538 610 574 sufficere
626 537 668 571 ad
683 549 737 572 res
765 540 916 574 ecclefiae
934 541 1165 577 restituendas.
1226 544 1279 578 Ad
1307 546 1418 589 qubd,
1456 551 1589 596 inquit,
1641 564 1720 589 cum

101 603 189 632 „nos
210 589 359 626 sufficere
379 601 446 623 non
469 587 560 633 posse
575 586 736 627 sciamus,
764 587 916 623 levamus
934 591 1051 625 oculos
1068 591 1108 624 ad
1126 603 1295 629 montem,
1322 605 1475 630 montem
1492 598 1631 641 quidem
1643 603 1717 641 Dei,

101 652 281 682 „montem
300 641 455 674 uberem.
483 646 634 670 montem
652 636 835 681 pinguem,
863 638 956 673 unde
973 651 1211 685 opportunum
1230 640 1331 676 nobis
1348 646 1531 689 provenire
1554 648 1717 686 auxilium

97 702 152 732 „et
167 690 343 725 humiliter
357 687 506 733 petimus
524 697 555 720 et
573 685 694 719 devote
708 684 902 732 speramus,
940 699 971 724 et
986 690 1067 734 quia
1084 687 1218 725 salubre
1233 692 1267 724 in
1286 690 1339 726 his
1356 692 1511 729 adhiberi
1526 698 1717 735 remedium

97 737 258 782 „interest
283 735 484 783 generaliter
503 736 659 769 omniunt
684 748 746 770 nos
765 748 841 771 cum
871 735 1038 774 fratribus
1069 738 1190 775 nostris
1215 739 1358 786 aliisque
1383 742 1464 778 viris
1491 746 1717 790 prudentibus

43 822 45 826 .
97 787 237 831 „exasto
259 798 290 822 et
306 785 477 831 frequenti
494 783 638 820 traaam
658 785 876 830 praehabito,
903 799 1008 834 prout
1033 801 1141 824 tantae
1160 789 1354 827 necestitatis
1381 792 1529 830 instantia
1555 797 1718 842 exigebat,

48 830 50 835 ’
98 839 162 881 „de
180 837 337 884 ipsorum
360 835 500 871 consilio
520 835 676 881 generale
694 835 896 874 concilium,
925 837 1004 874 sicut
1021 839 1209 875 imitatione
1233 841 1335 887 digna
1361 840 1554 880 sanetorum
1578 859 1716 893 patrum

97 887 330 931 „consuetudo
346 884 547 922 laudabilis,
573 884 765 930 longaeque
783 885 1026 924 observationis
1043 890 1234 936 exemplum
1256 904 1319 926 nos
1336 892 1480 933 instruit,
1506 907 1714 942 opportuno

97 944 277 984 „tempore
292 936 506 971 decernimus
525 935 826 980 congregandum,
854 937 889 970 in
910 950 949 972 eo
968 949 1034 973 tam
1052 941 1138 974 circa
1155 939 1332 985 praemissa
1346 967 1354 981 ‚
1385 954 1483 987 quam
1505 946 1591 980 circa
1609 958 1715 981 caete-

97 1000 170 1028 ‚,ra,
189 999 275 1032 quae
293 985 431 1019 salutem
451 983 638 1030 respitiunt
654 986 857 1025 animarum,
887 986 942 1021 illa
961 990 1036 1023 Deo
1057 988 1214 1034 auspice,
1268 991 1444 1025 communi
1463 993 1599 1030 consilio
1619 997 1714 1031 inve·

95 1037 232 1077 „niatur
251 1033 412 1081 provisio,
434 1045 464 1067 et
482 1032 627 1080 ejusdem
646 1034 893 1078 approbatione
912 1037 1046 1072 concilii
1065 1038 1260 1075 roboretur.
1315 1040 1441 1076 Eadem
1461 1043 1562 1079 verba
1586 1047 1714 1091 repetit

95 1086 255 1122 Clemens
271 1087 314 1118 V.
336 1084 369 1117 in
393 1081 486 1128 epist.
504 1083 546 1116 ad
574 1082 772 1128 Philippum
792 1087 1004 1120 Francorum
1025 1099 1152 1132 regem.

243 1132 403 1177 Denique
420 1145 456 1165 ut
473 1131 534 1164 alia
555 1132 707 1169 mittam,
733 1134 880 1167 Romani
899 1133 1077 1179 pontifices
1102 1136 1143 1170 ad
1169 1136 1466 1181 Lutheranorum,
1496 1141 1713 1180 Calviniano-

95 1195 195 1225 rum,
223 1183 440 1226 aliorumque
460 1192 669 1215 novatorum·
685 1193 817 1216 errores
832 1182 1068 1229 perempforio
1083 1185 1212 1232 judicio
1231 1188 1442 1224 damnandos
1458 1191 1596 1226 concilii
1617 1205 1713 1238 gene-

95 1233 176 1269 ralis
196 1232 413 1267 autoritatem
433 1228 647 1263 necessariam
668 1228 729 1263 effe
749 1231 964 1267 crediderunt
977 1258 984 1272 ,
1012 1246 1071 1268 nec
1088 1235 1264 1279 conquesti
1281 1237 1357 1271 sunt
1378 1251 1447 1273 rem
1468 1251 1486 1274 a
1505 1239 1561 1274 sua
1577 1239 1711 1289 sedeju-

97 1283 242 1318 dicatam
260 1282 294 1315 in
311 1278 442 1327 synodo
459 1276 664 1312 Tridentina
679 1278 803 1311 iterum
822 1282 1022 1321 examinari,
1076 1294 1113 1316 ac
1141 1283 1180 1316 de
1198 1297 1290 1318 novo
1312 1286 1465 1331 judicari.
1519 1291 1604 1324 Non
1627 1303 1709 1337 ergo

94 1340 302 1380 putaverunt
322 1327 414 1363 suam
431 1326 643 1361 autoritatem
663 1327 845 1362 autoritate
861 1329 993 1364 concilii
1013 1330 1179 1378 majorem
1199 1344 1255 1367 aut
1273 1333 1486 1380 superiorem
1512 1335 1583 1373 effe,
1599 1360 1613 1363 .,

237 1379 394 1423 Denique
410 1375 564 1411 eamdem
584 1374 716 1422 semper
729 1375 827 1411 fuisse
850 1378 891 1412 de
906 1378 1220 1416 conciliamini-itate
1236 1384 1341 1418 totius
1355 1384 1502 1420 ecclesiae
1512 1385 1712 1426 sententiam

90 1432 186 1467 docet
203 1442 249 1470 ea,
271 1440 373 1474 quam
392 1428 426 1461 in
448 1424 650 1461 definiendis
670 1425 771 1461 rebus
792 1427 1014 1464 ecclefiasticis
1032 1442 1197 1477 perpetuo
1218 1432 1362 1469 servavit
1380 1434 1567 1481 disciplina,
1582 1437 1620 1472 de
1643 1451 1710 1483 qua

91 1480 317 1517 dissertatione
336 1476 478 1512 iecunda
500 1475 574 1508 {atis
592 1485 624 1508 et
646 1474 779 1510 abunde
791 1475 930 1513 dietum.
961 1481 1008 1513 Ex
1027 1492 1062 1514 ea
1079 1481 1212 1526 quippe
1231 1482 1346 1528 liquet,
1360 1483 1560 1531 supremum
1573 1486 1709 1534 semper

93 1529 240 1566 ecclesiae
259 1528 422 1575 judicium
442 1522 540 1558 fuiss‘e
558 1535 659 1568 penes
677 1524 847 1570 synodum
860 1529 1068 1572 generalem,
1089 1542 1106 1564 a
1124 1543 1189 1575 qua
1208 1545 1278 1574 non
1296 1546 1428 1579 poterat
1449 1534 1514 1570 ulla
1533 1536 1572 1570 ad
1590 1539 1708 1583 ponti·

94 1578 194 1615 ficem
210 1577 273 1612 effe
291 1575 510 1623 provocatio,
538 1585 615 1608 cum
637 1585 653 1606 e
670 1584 787 1608 contra
804 1587 820 1608 a
837 1575 1008 1620 pontificis
1028 1581 1171 1614 Romani
1189 1582 1316 1628 judicio
1344 1584 1384 1618 ad
1411 1584 1580 1633 synodum
1608 1600 1708 1633 gene-

90 1628 194 1663 ralem
212 1624 397 1671 confugere
417 1623 544 1658 liceret.
594 1623 748 1657 Docetid
761 1622 881 1658 diserte
893 1626 1001 1661 Divus
1019 1628 1229 1674 Augustinus
1249 1644 1302 1677 ep.
1329 1645 1341 1666 1
1354 1638 1422 1674 62.,
1441 1635 1500 1669 ubi
1521 1636 1719 1671 Donatistis..

89 1681 218 1714 Romae
233 1689 251 1711 a
271 1672 431 1722 pontifice
449 1671 649 1722 synodoque
672 1671 876 1719 proscriptis
900 1676 945 1710 ait
975 1688 1083 1711 unum
1104 1679 1214 1714 adhuc
1239 1680 1443 1729 confugium
1470 1683 1636 1730 superesse
1664 1680 1714 1721 ad,

87 1727 277 1774 plenariam
295 1723 418 1759 scilicet
438 1721 620 1771 synodum.
671 1722 752 1757 Ecce
768 1733 937 1769 putemur,
974 1725 1102 1770 inquit,
1140 1730 1214 1762 illos
1233 1733 1412 1779 episcopos,
1429 1736 1488 1781 qui
1512 1735 1636 1769 Romae
1645 1738 1705 1781 ju-

85 1777 256 1814 dicarunt,
274 1786 341 1809 non
361 1772 459 1808 bonos
468 1771 737 1819 susse-judices,
765 1773 905 1818 restabat
923 1774 1029 1810 adhuc
1046 1777 1237 1822 plenarium
1263 1781 1411 1827 ecclefiae
1432 1785 1611 1828 universae
1628 1797 1703 1819 con-

87 1826 220 1866 cilium,
248 1822 307 1859 ubi
323 1825 423 1858 etiam
440 1834 508 1856 cum
526 1821 599 1868 ipsss
611 1821 785 1868 judicibus
807 1825 902 1868 causa
918 1824 1026 1871 poſj'et
1049 1828 1201 1872 agitari,
1253 1836 1292 1862 ut
1309 1829 1334 1873 fi
1348 1832 1430 1865 male
1441 1832 1608 1879 judicaffe
1626 1846 1701 1869 con-

88 1875 178 1911 viai
197 1874 315 1921 efferis,
342 1872 452 1907 eorum
465 1872 897 1916 sententiaesolverentur.
952 1874 1058 1908 Haud
1077 1875 1243 1910 dubitavit
1259 1889 1341 1923 ergo
1365 1881 1394 1914 S.
1414 1880 1622 1926 Augustinus
1632 1894 1704 1917 mg-

88 1925 199 1973 jore‘tu
217 1921 279 1958 effe
295 1921 429 1957 concilii
447 1921 589 1966 plenarii
603 1931 636 1954 et
652 1920 816 1966 generalis
836 1922 959 1966 (quod
975 1923 1013 1958 ad
1034 1925 1104 1971 ejus
1131 1925 1446 1974 Africanorumque
1469 1941 1617 1966 mentem
1636 1945 1701 1978 po-

86 1974 152 2010 tuit
169 1972 230 2008 effe
243 1981 374 2007 tantum
394 1968 579 2017 nationale)
608 1983 677 2005 non
698 1969 840 2009 dubitat,
868 1973 1018 2016 inquam,
1048 1976 1130 2018 quin
1150 1975 1350 2022 hujusmodi
1367 1979 1552 2016 concilium
1571 1984 1697 2017 Roma-

87 2028 124 2059 ni
139 2020 314 2071 pontificis
331 2031 362 2055 et
380 2019 452 2066 ejus
470 2018 608 2066 synodi,
638 2022 727 2064 quae
743 2020 975 2056 novemdecim
995 2026 1066 2057 erat
1094 2023 1357 2071 episcoporum,
1409 2028 1574 2076 judicium
1603 2029 1700 2066 infir-

87 2067 182 2109 mare
199 2069 308 2120 posset
323 2082 358 2104 ac
374 2066 516 2105 sol'vere.
559 2072 609 2104 ‘Et
629 2069 715 2111 sane,
735 2081 772 2105 ut
789 2070 855 2117 jam
873 2070 1185 2113 multotiesanobis
1204 2073 1421 2112 observatum
1449 2091 1484 2113 ac
1510 2079 1698 2125 probatum

95 2122 150 2164 est,
169 2119 344 2158 universae
362 2118 472 2154 ferme
489 2117 603 2153 causae
624 2118 724 2160 fidei,
775 2118 953 2166 postquam
974 2133 991 2155 a
1004 2124 1168 2158 Romanis
1185 2124 1406 2171 pontificibus
1426 2127 1592 2175 judicatae
1609 2130 1701 2168 sunt.

89 2170 210 2207 iterum
225 2172 261 2206 in
278 2168 417 2220 synodis
434 2169 593 2214 agitatae,
620 2179 721 2213 atque
737 2167 895 2204 definitae
910 2168 1067 2213 fuerunt,
1120 2186 1179 2208 nec
1203 2187 1257 2209 res
1275 2187 1352 2210 ante
1378 2177 1513 2211 concilii
1531 2178 1695 2214 definitio-

88 2233 166 2256 nem
183 2218 319 2267 'penitus
337 2219 500 2264 eliquatae
516 2229 616 2263 atque
632 2216 789 2254 definitae
807 2217 1037 2257 censebantur.
1088 2223 1140 2257 Sic
1164 2223 1372 2268 Augustinus
1400 2225 1553 2262 observat
1581 2229 1614 2262 in
1641 2241 1697 2263 ne.

85 2270 182 2318 gotio
199 2268 359 2316 baptismi
376 2266 626 2305 haereticorum
642 2266 770 2316 judicio
788 2269 949 2318 Stephani
966 2269 1059 2307 litem
1087 2283 1155 2309 non
1175 2270 1273 2310 fuisse
1295 2273 1488 2314 definitam,
1539 2275 1594 2313 fed
1623 2287 1698 2316 tan-

892 2321 922 2356 R
948 2332 966 2356 ἲ
1571 2338 1645 2364 tum
