1961 2718
273 216 360 255 382:
483 206 572 245 'DE
606 198 1194 248 ANTIQUAECCLEMAE
1218 197 1568 238 DISCIPLINA

216 297 358 348 probari
373 294 482 344 potest
500 295 540 332 ab
559 294 721 342 apostolis
739 293 915 333 traditum,
942 289 1028 326 illud
1046 289 1171 325 merito
1189 299 1364 333 tamquam
1381 289 1653 325 commentitium
1670 287 1834 336 rejicitur.

216 353 298 391 Hoc
316 360 399 387 ,vero
417 345 594 393 supposito
616 345 813 391 principio,
842 341 934 391 quod
951 340 992 375 ab
1011 341 1070 381 iis,
1100 339 1158 385 qui
1179 338 1230 374 vel
1258 337 1477 373 mediocriter
1507 338 1684 385 religionis
1717 337 1840 374 funda-

219 410 332 438 menta
354 408 501 435 norunt,
529 397 562 430 in
582 395 725 430 dubium
742 393 895 430 revocari
913 404 981 427 non
1000 390 1111 437 potest
1124 415 1132 431 ,
1160 387 1249 423 nihil
1265 385 1400 422 facilius
1420 386 1482 428 est,
1511 400 1612 433 quam
1633 387 1845 423 adversario·

215 461 299 491 ,τι-ιω
313 447 518 494 opinionem
540 444 708 492 disjicere,
737 444 869 489 quippe
887 443 1019 489 primus
1039 440 1139 488 hujus
1157 450 1278 486 parens
1299 434 1367 471 fuit
1387 436 1582 483 Gregorius
1610 439 1690 473 VII.
1716 440 1842 473 Roma-

219 511 291 538 nus,
303 496 479 543 pontifex,
505 507 580 531 ante
597 495 688 535 hunc
705 494 857 534 inaudita
875 492 954 527 haec
969 490 1111 537 opinio,
1137 488 1227 524 uude
1245 486 1471 522 Bellarminus
1490 487 1595 533 initio,
1618 485 1697 528 libri
1723 486 1844 521 adver-

220 549 276 584 sus
294 545 499 586 Barclaiurn,
527 547 617 579 inter
633 555 790 584 autores,
817 554 905 590 quos
924 552 1096 586 tamquam
1113 537 1215 585 hujus
1235 536 1411 582 opinionis
1431 534 1584 572 fautores
1611 535 1742 576 laudat,
1768 534 1846 570 nul-

221 597 375 634 lumhoc
395 596 568 642 Gregorio
587 595 818 639 antiquiorem
837 590 1083 638 profert3‘nec
1099 600 1184 624 certe
1210 586 1299 621 ullus
1335 584 1492 632 proferri
1526 584 1638 633 potest
1668 586 1846 621 Romanus

224 644 471 695 pontifex.ante
488 645 601 686 hunc,
629 644 691 689 qui
708 643 794 678 hanc
811 639 1009 689 potestatem
1036 637 1090 675 vel
1114 637 1175 674 fibi
1201 636 1391 682 arrogarit,
1434 635 1487 671 vel
1507 635 1549 671 de
1576 633 1670 671 festo
1693 646 1846 671 exercere

222 708 365 739 senatus
383 694 499 736 fuerit.

372 746 592 792 Hujus-vero
607 741 783 790 pontificis
807 750 882 775 tum
901 736 1046 783 opinio,
1080 745 1152 771 tum
1181 733 1271 770 affio
1304 743 1418 770 totum
1449 733 1569 770 orbem
1605 734 1755 770 novitate
1788 731 1848 769 sua

227 793 470 842 obstupefecit,
500 805 537 828 ut
557 792 648 828 testes
668 792 744 827 sunt
761 799 881 824 omnes
895 785 1094 830 scriptores,
1124 785 1183 830 qui
1200 784 1242 817 de
1257 795 1294 816 ea
1311 781 1490 828 scripsere,
1511 796 1530 818 a
1549 784 1675 828 quibus
1693 784 1850 818 unanimi

229 845 393 883 consensu
413 844 592 891 proditum
612 841 656 876 est
668 866 675 880 ,
705 836 955 884 depositionem
973 832 1120 872 Henrici
1136 833 1196 867 IV.
1215 831 1434 878 imperatoris
1451 831 1491 870 ab
1510 843 1549 866 eo
1569 843 1745 871 tentatam,
1773 844 1849 868 om.

227 909 289 938 nes
307 896 464 931 homines
483 892 631 927 novitate
650 889 707 924 sua
721 882 905 934 perculisse.
1795 877 1799 883 ·

379 943 419 977 Id
437 939 573 976 testatur
592 939 686 974 Otho
702 932 922 981 Frisingensis
939 931 1040 979 hujus
1060 929 1227 976 temporis
1245 929 1408 976 scriptor,
1435 929 1470 964 in
1495 927 1691 976 fragmento
1705 954 1714 972 ‚
1741 928 1852 975 -quod

233 1005 315 1030 extat
333 994 367 1028 in
388 989 550 1029 fasciculo
568 1001 684 1025 rerum
704 985 936 1024 sciendarum:
965 1006 984 1023 „
1014 981 1210 1025 Gregorius
1228 978 1413 1026 septimuS,
1440 981 1573 1028 inquit,
1602 981 1663 1025 qui
1689 991 1769 1015 tunc
1794 990 1854 1014 ur-

230 1071 252 1088 „
278 1044 328 1079 bis
346 1045 472 1079 Romae
488 1038 726 1088 pontificatum
741 1034 894 1077 tenebat,
919 1031 1078 1069 eumdem
1101 1030 1346 1075 imperatorem
1365 1030 1558 1064 Henricum
1585 1040 1745 1074 quartum
1771 1038 1854 1064 tam·
1874 1029 1877 1032 “

233 1121 252 1136 „
282 1106 384 1141 quam
401 1105 420 1132 a
435 1090 502 1126 suis
522 1089 737 1128 destitutum,
763 1082 983 1121 anathematis
1001 1079 1115 1126 gladio
1132 1077 1328 1114 feriendum
1348 1079 1518 1120 decernit,
1554 1078 1650 1126 cujus
1677 1078 1730 1115 rei
1756 1078 1853 1113 novi-

235 1169 255 1190 „
280 1155 344 1179 tate
358 1154 401 1181 ,eo
419 1140 651 1176 vehementius
668 1137 903 1183 indignatione
917 1142 1050 1167 motum
1069 1128 1214 1174 suscepit
1234 1129 1439 1175 imperium,
1474 1140 1545 1174 quo
1571 1137 1753 1173 ‘nunquam
1779 1138 1857 1162 ante

235 1219 255 1233 „
283 1194 362 1234 haec
385 1203 540 1236 tempora
557 1187 756 1237 hujusmodi
774 1184 970 1221 sententiam
984 1181 1020 1218 in
1039 1180 1233 1225 principem
1251 1181 1489 1213 Romanorum
1507 1177 1761 1224 promulgatam
1791 1189 1861 1213 no-.

237 1270 257 1285 „
285 1252 391 1282 verat,
443 1241 538 1279 Idem
553 1240 779 1279 ,chronicorum
800 1239 832 1276 6,
852 1245 923 1279 cap.
947 1243 1000 1275 35.
1030 1232 1204 1267 Romanus
1222 1225 1395 1274 pontifex,
1424 1230 1554 1276 inquit,
1583 1240 1698 1273 regem
1728 1226 1856 1262 Henri·

239 1304 364 1333 „curn
381 1289 475 1335 saepe
493 1300 650 1327 vocatum
670 1282 996 1323 excommunicavit,
1024 1277 1178 1325 ejusque,
1207 1289 1245 1312 ut
1265 1277 1409 1318 dicitur,
1445 1276 1582 1313 confilio
1611 1288 1643 1311 et
1670 1277 1853 1312 autoritate

237 1367 257 1383 „
286 1339 491 1383 Rudolphus
503 1336 782 1376 Allemannorum
800 1332 887 1369 dux,
915 1341 933 1365 a
950 1325 1153 1371 quibusdam
1178 1326 1395 1370 principibus
1420 1338 1477 1358 rex
1503 1337 1654 1365 creatur,
1691 1337 1760 1368 quo
1783 1336 1854 1359 non

238 1417 259 1432 „
289 1389 398 1424 multo
417 1384 493 1433 post
511 1386 546 1419 in
563 1383 701 1430 publico
720 1380 810 1415 bello
829 1375 957 1416 occiso,
985 1385 1084 1418 atque
1103 1376 1307 1408 Hermanno
1333 1372 1577 1418 Lorharingiae
1611 1373 1769 1420 principe
1797 1372 1858 1408 sibi

239 1466 260 1482 ‚‚
288 1436 488 1478 substituto,
518 1444 549 1468 et
568 1431 640 1479 ipse
658 1444 726 1467 non
752 1428 861 1465 multo
887 1424 964 1473 post
990 1436 1009 1457 a
1036 1421 1191 1468 fidelibus
1219 1424 1307 1467 regis
1334 1422 1511 1456 occiditur.
1571 1425 1668 1468 Lego
1689 1434 1718 1457 et
1741 1422 1858 1467 relego

239 1514 259 1530 ‚‚
285 1492 519 1526 Romanorum
562 1494 686 1528 regum
712 1490 742 1516 ct
776 1480 1026 1526 imperatorum
1060 1469 1147 1515 gesta
1163 1494 1170 1510 ‚
1216 1481 1247 1504 et
1281 1469 1448 1514 nusquam
1492 1472 1606 1506 inveni
1649 1482 1857 1517 quemquam

242 1564 262 1580 „
292 1549 409 1576 eorum
438 1546 515 1569 ante
542 1533 633 1571 hunc
660 1543 678 1565 a
695 1532 849 1568 Romano
877 1518 1041 1569 pontifice
1068 1521 1399 1555 excommunicatum
1427 1518 1479 1553 vel
1497 1531 1604 1564 regno
1631 1522 1816 1566 privatum.

383 1583 540 1625 Testatur
556 1581 654 1614 etiam
673 1581 788 1616 Benno
805 1571 997 1612 cardinalis,
1024 1569 1084 1613 qui
1104 1579 1310 1613 quamquam
1327 1568 1545 1615 imperatoris
1564 1580 1680 1615 partes
1696 1568 1858 1615 sequutus

239 1636 301 1673 est,
330 1645 361 1669 et
382 1636 416 1668 in
433 1633 506 1667 aliis
524 1628 639 1665 forsan
656 1625 817 1665 nonnulla
836 1624 875 1659 de
893 1620 1067 1665 Gregorio
1086 1619 1354 1664 exaggeraverit,
1383 1618 1418 1653 in
1440 1618 1505 1653 hoc
1520 1629 1630 1653 tamen
1656 1630 1735 1654 cum
1759 1629 1863 1663 caete3

242 1688 288 1722 ris
306 1696 378 1719 tum
398 1681 564 1726 temporis
584 1675 828 1724 scriptoribus,
857 1683 889 1708 et
907 1671 956 1707 rei
971 1668 1153 1704 evidentiae
1171 1666 1373 1708 consentiat,
1401 1680 1471 1703 non
1492 1667 1555 1706 est,
1580 1680 1641 1703 cur
1661 1680 1691 1703 ei
1704 1666 1787 1704 fides
1807 1666 1861 1703 de-

243 1746 394 1780 rogetur.
447 1728 609 1766 Testatur
627 1738 739 1762 autem
758 1727 790 1759 in
809 1723 926 1769 primo
944 1731 974 1755 et
999 1716 1146 1753 secundo
1171 1715 1260 1752 libro
1289 1716 1331 1751 de
1356 1717 1586 1752 Hildebrandi
1611 1716 1667 1753 seu
1694 1717 1861 1764 Gregorii

240 1788 319 1819 vii.
341 1785 424 1819 vita,
453 1782 693 1826 imperatorem
714 1775 908 1810 Henricum
925 1773 985 1805 IV.
1006 1768 1046 1803 ab
1066 1766 1183 1802 eodem
1203 1765 1364 1812 pontifice
1384 1779 1421 1801 ex
1444 1765 1629 1813 improviso
1654 1765 1724 1801 fine
1747 1766 1863 1812 legiti-

244 1847 298 1870 ma
314 1832 538 1870 accusatione,
566 1827 633 1862 sine
652 1826 809 1862 canonica
825 1821 1020 1859 vocatione,
1048 1816 1115 1852 fine
1133 1815 1311 1864 judiciario
1330 1816 1469 1856 ordine,
1497 1827 1633 1862 praeter
1649 1816 1862 1853 voluntatem

243 1896 278 1926 et
300 1881 476 1918 confilium
494 1877 714 1914 cardinalium
740 1871 1071 1910 excommunicatum
1097 1863 1193 1901 fuisse
1211 1891 1219 1906 ,
1248 1877 1338 1900 novo
1364 1877 1401 1900 ac
1426 1864 1566 1912 pessimo
1594 1865 1768 1912 exemplo.

347 1929 535 1965 Testantur
557 1938 698 1972 quoque
717 1924 806 1959 idem
825 1920 979 1968 episcopi
997 1929 1028 1951 et
1047 1916 1178 1954 clerici,
1214 1927 1363 1959 quorum
1381 1916 1520 1950 nomine
1536 1915 1698 1961 apologia
1715 1912 1761 1950 est
1780 1925 1867 1952 con·-

247 1981 371 2027 scripta
389 1992 456 2025 pro
476 1979 650 2017 Henrico,
679 1987 764 2020 quae
784 1970 829 2007 est
845 1970 938 2017 apud
960 1967 1168 2005 Aventinum
1188 1964 1358 1999 annalium
1377 1965 1543 2001 Boiorum
1562 1964 1621 2000 lib.
1648 1977 1675 2008 5.
1694 1963 1757 2000 fol.
1780 1977 1863 2010 ¹79·

248 2034 318 2072 „Iti
344 2027 567 2064 conciliabulo
592 2029 767 2063 Romano,
805 2023 856 2056 ait
882 2020 1093 2058 Aventinus,
1130 2026 1218 2061 papa
1252 2014 1414 2049 caesarem
1448 2015 1736 2054 excommunicat,
1776 2025 1862 2060 pro..

247 2079 412 2122 ‚‚scribit‚
441 2075 587 2112 caesarea
604 2074 766 2120 dignitate
782 2072 911 2117 privat,
930 2068 1033 2112 idque
1051 2077 1114 2113 per
1131 2063 1248 2100 orbem
1270 2075 1437 2099 terrarum
1462 2062 1673 2100 atrociffimis
1695 2061 1791 2098 bellis
1807 2062 1864 2098 de·

248 2129 424 2173 „nuntia
451 2137 570 2162 omnes
586 2136 699 2160 contra
722 2134 798 2157 eum
817 2119 996 2165 religionis
1014 2126 1185 2163 praetextu
1205 2110 1357 2159 instigat,
1378 2114 1477 2149 etiam
1497 2113 1650 2149 subditos
1668 2112 1757 2159 ejus,
1777 2124 1866 2158 quos

249 2193 296 2222 „a
323 2176 484 2226 praestito
512 2175 703 2222 juramento
731 2170 894 2214 omnique
917 2167 1126 2213 obligatione
1151 2162 1259 2198 solvit,
1313 2163 1471 2208 Plerique
1487 2174 1560 2197 tum
1579 2163 1762 2208 privatim,
1790 2174 1866 2198 tum

252 2255 273 2269 ‚,
287 2228 424 2275 publice
449 2225 629 2271 indignum
654 2220 785 2259 facinus
804 2219 993 2254 clamitant,
1021 2226 1087 2261 pro
1105 2212 1267 2248 concione
1285 2213 1459 2258 Gregorio
1481 2212 1688 2246 maledicunt
1702 2235 1711 2249 ‚
1740 2210 1864 2246 Hilde-

238 2303 273 2334 J,
285 2277 415 2321 brando
431 2274 518 2315 male
535 2283 718 2322 precantur
729 2297 738 2314 ‚
764 2264 880 2320 ipsum
898 2268 979 2306 odio
994 2276 1094 2313 atque
1110 2261 1252 2300 libidine
1269 2261 1470 2305 dominandi
1487 2262 1712 2310 praecipitem
1732 2262 1785 2345 aigi}
1802 2272 1869 2296 voa

1693 2335 1713 2352 ‚,
1733 2321 1749 2345 c
1782 2321 1817 2344 e-
