2023 2760
396 199 910 240 DISSERTATION‘ES
950 195 1323 248 maro-areat.
1403 206 1416 227 ³

243 290 285 325 In
301 288 449 326 concilio
467 288 846 337 Constantinopolitano
862 294 943 328 anni
967 306 1004 338 53
1015 297 1048 330 6.
1064 296 1225 332 tribuitur

76 338 193 385 =copis
209 340 385 380 Romano,
411 339 813 386 Constantinopolitano,
847 344 1086 387 Antiocheno,
1121 357 1154 381 et
1177 350 1226 383 Hi

47 398 49 401 “
93 389 295 436 Epiphanio*
305 389 397 437 Tyri
417 388 576 437 episcopo
592 388 726 426 ustione
756 391 884 435 quinta.

1621 233 1635 255 r.
1648 223 1670 256 r*

1245 301 1456 345 patriarchae
1480 314 1605 342 nomen
1629 311 1718 356 epis..

1230 349 1496 399 erosolymitano
1513 379 1522 395 ,
1556 368 1618 393 nec
1640 372 1711 395 non

243 459 283 491 In
303 455 449 512 concili-o
471 467 499 499 5.
530 458 747 493 oecumenico
763 457 926 494 tribuitur
951 460 1127 501 Romano,
1163 461 1541 511 Constantinopolitano
1588 473 1712 509 Antio..

94 504 224 544 cheno,
251 504 482 561 Alexandrino
504 505 539 540 in
563 518 592 541 1.
611 519 643 541 er
662 519 695 541 2.
721 506 923 543 collatione:
952 522 1031 544 nam
1049 511 1106 545 hic
1122 511 1157 545 in
1174 514 1312 547 caeteris
1337 515 1441 560 vulgo
1462 495 1670 566 archiepisco
1696 523 1713 559 i

95 557 236 592 nomine
261 555 451 601 insignitur.
506 557 592 590 Item
609 553 744 592 afflone
765 563 795 596 ε.
817 555 1137 608 Hierosolymitano
1155 560 1246 596 idem
1267 562 1385 597 titulus
1406 564 1580 604 tribuitur.
1672 536 1696 570 p

243 618 322 654 Post
337 618 419 653 haec
437 620 470 653 in
495 620 625 653 oriente
643 621 696 654 vix
714 631 840 654 nomen
862 622 1075 666 patriarchae
1091 622 1166 657 aliis
1186 636 1288 668 quam
1309 628 1464 672 quinque
1485 629 1654 666 tributum
1672 631 1717 667 le-

96 681 164 715 ges,
217 671 373 704 Romano
392 680 536 714 nempe,
565 667 962 716 Constantinopolitano,
989 672 1240 716 Alexandrino,
1269 677 1503 719 Antiocheno,
1531 689 1564 713 et
1589 681 1718 717 Hiero.

95 718 310 767 solymimno.

130 818 136 826 .
246 772 293 802 At
309 769 345 803 in
363 767 485 802 Galliis
503 779 626 802 nomen
645 769 858 815 patriarchae
881 770 1075 818 praecipuis
1099 772 1377 819 metropolitanis
1403 775 1484 810 alias
1512 776 1719 823 primatibus

95 817 279 864 ahquando
296 815 484 852 concessum
507 817 642 863 legitur.
695 819 889 864 Gregorius
907 821 1120 857 Turonenfis
1139 822 1197 858 lib.
1214 834 1241 866 3.
1254 823 1328 859 hist.
1344 836 1417 870 cap.
1429 838 1485 862 20.
1542 829 1720 866 Nicetium

99 865 360 924 Ifugdunensem
379 867 601 923 patriarcham
621 879 728 904 vocat.
746 871 903 914 Itemque
919 871 1101 906 concilium
1116 870 1364 908 Matisconense
1382 876 1463 909 anni
1478 882 1517 918 58
1529 889 1555 920 5.
1568 876 1722 915 Priscum

98 916 246 964 ejusdem
264 915 346 951 sedis
365 915 565 963 episcopum
582 929 603 952 t.
625 930 654 962 5.
674 919 805 955 Concil.
825 919 889 954 col.
915 926 996 963 980.
1027 933 1099 955 cum
1115 920 1263 956 omnihus
1283 924 1564 967 consacerdotibus
1587 937 1719 969 eorum,

100 967 229 1011 Priscus
247 969 415 1013 episcopus
433 968 632 1013 patriar-clla
656 967 762 1003 dixit.
815 970 901 1003 Item
923 968 1117 1005 Defiderius
1139 970 1358 1005 Cadurcenfis
1384 972 1574 1019 Sulpitium
1592 976 1721 1012 Bituri-

99 1014 248 1053 censem,
278 1026 310 1049 et
340 1015 461 1049 Paulus
483 1015 643 1049 diaconus
663 1015 839 1051 Callistum
861 1017 1111 1061 Aquileiensem
1135 1020 1341 1063 patriarchas
1368 1024 1554 1058 nominant.
1607 1026 1719 1060 Hinc-

100 1076 215 1100 marus
232 1063 426 1098 Rhemensis
446 1064 479 1096 in
498 1062 557 1098 lib.
576 1066 686 1109 Capit.
709 1076 763 1107 55.
783 1076 856 1110 cap.
879 1077 934 1108 17.
986 1067 1195 1111 patriarchas
1215 1078 1246 1102 et
1263 1069 1430 1113 primates
1442 1083 1512 1106 non
1531 1071 1723 1120 distinguit.

249 1124 454 1160 Notandum
473 1124 610 1170 iniuper
627 1125 717 1171 apud
733 1126 840 1161 varias
858 1136 974 1172 gentes
993 1126 1091 1162 illum
1111 1127 1309 1173 episcopum
1328 1129 1459 1167 digium
1487 1131 1551 1168 esse
1576 1136 1721 1181 patriar·

104 1176 221 1215 cham,
251 1175 309 1218 qui
327 1175 480 1218 primum
498 1174 587 1205 inter
604 1173 706 1216 hujus
727 1176 837 1218 gentis
862 1175 1038 1218 episcopos
1064 1176 1179 1209 locu-m
1198 1176 1348 1218 obtinet,
1378 1192 1589 1227 quapropter
1614 1173 1722 1220 Nicoss

102 1227 175 1259 laus
192 1225 225 1257 in
244 1220 412 1267 responsis
428 1219 469 1253 ad
487 1218 638 1253 consulta
655 1219 888 1264 Buigarorum
909 1220 998 1264 resp.
1024 1231 1081 1264 72.
1100 1222 1140 1254 de
1166 1223 1381 1258 ordinatione
1406 1230 1618 1270 patriarchae
1643 1233 1723 1268 Bul.

103 1274 195 1320 gari,
222 1271 304 1305 haec
319 1269 384 1304 ait:
413 1268 605 1316 requifisiis‚
632 1268 764 1311 inquit,
783 1268 813 1315 fi
833 1270 933 1303 liceat
957 1272 993 1303 in
1018 1268 1114 1303 vobis
1136 1272 1368 1314 patriarcham
1387 1274 1554 1311 ordinari.
1582 1304 1590 1312 .
1618 1306 1625 1313 .
1652 1293 1722 1316 cum

103 1326 304 1358 incremento
331 1319 473 1354 divinae
494 1319 637 1365 gratiae
648 1320 769 1363 fuerit
787 1316 836 1352 ibi
853 1317 1083 1363 christianitas
1102 1317 1269 1356 dilatata,
1294 1329 1329 1355 et
1354 1323 1499 1369 episcopi
1518 1337 1586 1371 per
1608 1327 1725 1375 fingu.

103 1372 151 1407 las
176 1369 313 1416 ecclesias
331 1367 501 1407 ordinati,
528 1375 605 1401 tunc
623 1365 798 1414 eligendus
817 1365 859 1411 est
877 1368 969 1401 inter
986 1378 1036 1401 eos
1050 1379 1153 1407 unus,
1181 1370 1239 1414 qui
1253 1367 1283 1415 fi
1298 1381 1362 1404 non
1382 1375 1603 1417 patriarcba,
1632 1386 1723 1413 certe

103 1421 365 1466 archiepiscopus
393 1415 614 1462 adpellandus
631 1416 687 1462 fit.
740 1417 783 1450 Et
807 1413 958 1461 respons.
981 1427 1037 1460 73.
1063 1428 1081 1450 a
1109 1428 1179 1460 quo
1204 1417 1250 1463 fit
1271 1420 1477 1464 patriarcha
1511 1423 1722 1462 ordinandus

103 1471 268 1517 quaeritis
284 1479 343 1503 etc.
371 1479 426 1501 vos
445 1476 554 1501 tamen
570 1464 641 1511 five
665 1465 920 1512 patriarcham,
939 1464 1011 1512 five
1038 1465 1335 1513 archiepzscopum‚
1367 1467 1435 1514 five
1460 1472 1644 1519 episcopum
1667 1486 1722 1511 vo,

105 1520 155 1554 bis
179 1517 338 1554 ordinari
361 1515 533 1564 postuletis
560 1522 621 1548 etc.
1722 1511 1724 1516 ·

255 1578 433 1627 Ejusmodi
450 1576 656 1623 patriarchas
674 1573 810 1615 habent,
830 1574 891 1622 qui
913 1573 1044 1610 suntin
1070 1576 1201 1614 oriente
1225 1578 1415 1622 christiani,
1440 1581 1476 1615 in
1502 1593 1572 1626 quo
1590 1593 1726 1630 praeter

68 1664 71 1667 .
111 1629 255 1675 eosqui
272 1629 417 1675 proprie
442 1627 603 1660 dicuntur
631 1625 785 1661 Graeci,
818 1624 878 1668 qui
901 1636 1047 1668 quatuor
1065 1627 1272 1672 patriarchas
1297 1628 1728 1677 Constantinopolitanum,

109 1678 396 1715 Alexandrinum,
424 1674 696 1714 antiochenum,
723 1684 755 1708 et
775 1672 1130 1721 Hierosolymitanum
1146 1678 1379 1715 retinuerunt.-
1405 1678 1556 1727 fingulae
1574 1682 1727 1719 haereses

110 1728 188 1765 suos
214 1737 396 1763 nux-nerant
421 1723 640 1771 patriarchas.

259 1793 365 1827 Suum
383 1789 508 1824 habent
523 1788 712 1837 jacobitae,
741 1783 839 1821 suum
858 1786 1069 1830 Maronitae3
1096 1798 1243 1836 uterque
1261 1792 1465 1828 Antiocheni
1493 1804 1619 1830 nomen
1639 1792 1727 1832 affu·

111 1843 188 1880 mit.
239 1840 459 1888 Cophtorum
484 1837 677 1885 patriarcha
696 1835 944 1872 Alexandrinus
971 1835 1095 1872 dicitur
1122 1850 1154 1874 et
1178 1839 1398 1878 Alexandriae
1423 1841 1525 1878 sedet:
1575 1843 1730 1893 Abyffini

112 1890 342 1940 patriarcham
374 1888 499 1923 habent
516 1912 527 1925 ‚
561 1888 621 1932 qui
646 1887 707 1922 toti
735 1885 932 1931 AEthiopiae
956 1885 1086 1931 praeest
1103 1913 1111 1927 ,
1147 1886 1223 1924 licet
1239 1891 1425 1936 Cophtenfi
1446 1892 1659 1938 patriarchae
1684 1893 1727 1929 fit

115 1938 373 1988 quodammodo
392 1935 573 1985 subjestus.
627 1938 761 1971 Praeter
783 1934 846 1969 hos
871 1935 1019 1980 Georgii
1046 1936 1341 1985 archiepiscopum
1372 1940 1498 1976 habent
1524 1942 1730 1986 οἱυτοκέφαιλον

52 2031 63 2038 ⁷
117 2002 151 2026 et
173 1988 260 2025 nulli
277 1985 474 2034 subjefifflm.
525 1986 682 2021 Armenii
700 1985 788 2019 duos
807 1983 930 2020 habent
948 1987 1186 2021 oecumenicos
1204 1989 1424 2034 patriarchas.
1478 1992 1607 2026 Prioris
1632 1991 1729 2027 sedes

117 2038 163 2076 est
180 2037 290 2125 Arfirld
307 2035 389 2072 urbs
406 2036 597 2075 Armeniae.
651 2034 800 2073 Alterius
817 2034 863 2084 cis
879 2032 961 2072 urbs
987 2035 1222 2080 Carmaniae,
1256 2036 1313 2075 sed
1331 2038 1371 2076 de
1392 2039 1447 2077 his
1468 2039 1571 2088 plura
1594 2039 1730 2079 dicendi

119 2100 190 2126 non
206 2101 223 2124 e
281 2098 372 2126 ocus„

924 2273 952 2311 Β
981 2282 1000 2305 2
1105 2339 1115 2349 ·
1584 2280 1614 2323 §.
1625 2247 1685 2318 vi„
