2001 2733
314 199 814 239 DISSERTATIONES
848 197 1199 237 HISTORICAE.
1225 201 1388 239 stszrr.
1416 202 1496 239 vn.
1609 214 1683 247 45,

115 293 155 329 di
179 292 223 328 ad
246 293 304 335 sua
325 291 456 338 cupidi,
484 292 617 325 veniam
624 288 806 336 figillatim
818 291 1012 336 petierunt,
1038 286 1156 335 quibus
1170 299 1260 335 papa
1280 301 1346 324 non
1362 289 1524 338 conceffit,
1552 300 1732 338 antequam

99 341 172 390 fibi
186 343 354 390 grandem
371 344 542 388 pecuniam
559 337 799 385 promtnffent,
828 336 1063 373 mercatoribus
1083 338 1242 373 Romanis
1257 342 1358 385 prius
1374 342 1526 386 accipere
1543 349 1655 375 mutuo
1671 353 1732 386 pa-

107 385 238 445 ῥᾱεὶῗιιρ
250 394 388 439 solvere
408 391 509 424 comi
522 391 620 433 sunt,
649 397 824 434 antequam
845 387 1014 430 discedere
1031 387 1136 421 Roma
1158 388 1352 434 potuzſj'ent.
1403 390 1498 436 Papa
1508 392 1583 437 jam
1600 398 1732 434 accepta

104 448 245 492 pecuum
267 442 488 493 quffidpffl„‚‘ggm
508 440 564 472 hoc
580 437 749 471 concilium
767 436 922 482 diſj'olvit
936 438 1072 485 gratis,
1093 445 1246 484 totusque
1270 438 1374 473 clerus
1389 437 1479 474 abiit
1494 440 1609 487 tristit.
1661 440 1731 473 Hie

106 506 219 529 autern
239 485 436 533 historicus,
466 506 506 527 ne
527 483 702 536 inipeRuS
719 484 900 526 habeatur,
928 485 1082 519 laudatus
1101 485 1145 520 est
1164 486 1202 520 ab
1222 489 1422 524 lunocentio
1439 492 1519 531 1V.‚
1547 501 1585 525 ut
1600 486 1730 525 constat

107 556 146 578 ex
163 544 285 578 litteris
302 544 451 591 ejusdem
472 541 662 576 Innocentii
674 563 682 577 ‚
711 551 792 583 quas
809 534 882 584 ipse
901 533 1008 573 refert.
1024 536 1060 571 iz}
1078 533 1218 572 historia
1233 535 1388 583 Augliae.

205 596 321 637 Itaque
347 592 431 626 nolli
457 605 474 625 a
494 589 638 625 concilio
655 600 800 622 canones
821 588 897 624 sunt
912 587 1061 625 Conditi,
1092 585 1148 620 sed
1169 587 1335 630 quaedam
1354 599 1370 620 a
1388 583 1550 632 pontifice
1572 589 1727 620 Romano

105 641 234 678 decreta
265 642 342 676 sunt
367 637 519 675 confeffla
545 650 577 672 et
603 639 637 671 in
664 638 812 670 concilio
835 636 940 674 lesta,
969 645 1122 681 qucxum
1148 635 1313 669 nonnulla
1339 635 1513 679 plerisque
1529 634 1729 669 videbantur

103 683 265 727 onerosa:
293 690 348 724 sed
381 689 433 723 vel
457 699 495 721 ex
521 685 591 732 ipsa
620 684 761 720 istorum
784 698 953 722 canonum
972 683 1119 721 lec-{hone
1136 696 1240 732 pater,
1261 695 1319 723 eos
1335 695 1409 719 non
1427 682 1528 719 fuisse
1544 697 1562 719 ι
1582 684 1727 720 concilio

104 740 233 781 editos,
260 740 314 774 vel
333 751 402 773 non
425 750 465 771 eo
486 736 610 776 modo,
638 748 710 779 quo
727 747 818 771 nunc
835 735 1015 771 habentur.

201 792 253 825 Sic
280 788 377 823 verbi
404 787 509 832 gratia
527 797 597 819 can,
622 796 676 817 11.
697 783 741 818 {ic
761 783 870 818 habet.
897 785 940 818 In
958 784 1175 830 Lateranenfi
1192 788 1327 821 concilio
1341 790 1403 833 pia
1414 790 1495 834 fuit
1515 787 1727 836 insint!tim‘g.³

96 841 271 886 provisum
283 862 294 874 ‚
321 847 381 871 etc.
413 847 528 869 verum
555 835 712 881 quoniam
736 836 773 867 in
792 835 905 868 multis
923 833 1056 879 ecclaefiis
1073 833 1112 868 id
1128 836 1260 869 minime
1279 834 1490 880 observatur,
1517 851 1574 874 nos
1589 842 1725 886 praedi·

98 889 186 924 Hum
208 885 402 922 roborantes
419 884 598 930 statutum,
625 891 687 918 etc.
713 895 738 916 c.
771 894 827 925 29·
858 882 900 917 de
917 884 1020 917 multa
1034 882 1260 928 providentia
1268 886 1353 930 fuit
1369 888 1405 921 in
1424 889 1562 923 concilio
1578 889 1722 926 Latera-

95 936 185 982 nenfi
208 935 434 983 prohibitum,
461 944 488 966 c.
515 942 568 975 33.
598 931 861 966 mediocritatem
879 930 1058 975 observent
1077 935 1113 966 in
1132 933 1352 979 Lateranenss
1366 937 1502 970 concilio
1522 937 1719 983 definitam,

93 997 120 1021 c.
147 998 206 1028 41.
228 983 391 1031 Jtsnodalz'
404 981 539 1029 judicio
564 980 750 1027 definimus
768 1006 777 1021 ,
810 993 838 1016 c.
865 993 923 1022 42.
953 983 1047 1025 sacri
1077 983 1298 1019 nihilominus
1313 986 1452 1019 concilii
1470 987 1720 1032 approbatione

85 1035 271 1081 statuimus,
283 1044 310 1069 c.
324 1036 383 1075 46.
412 1033 521 1065 volens
540 1032 748 1064 immunitati
764 1030 986 1076 ecclesiasticae
1003 1030 1230 1076 Lateranense
1248 1034 1420 1068 concilium
1436 1034 1623 1079 prohibere,
1642 1049 1668 1071 c.
1681 1050 1714 1080 4.

92 1095 125 1118 et
149 1095 177 1127 3.
206 1085 294 1124 sacro
320 1080 530 1128 approbante
557 1080 692 1114 concilio
716 1078 946 1125 prohibemus,
983 1092 1054 1124 cap.
1083 1084 1140 1116 61.
1169 1083 1206 1115 in
1225 1081 1439 1128 Lateranenfi
1458 1087 1595 1119 concilio
1618 1089 1717 1130 nosci.

93 1142 154 1168 tur
172 1132 284 1178 fuiſj'e
307 1131 531 1178 prohibitum,
558 1140 628 1174 cap.
660 1131 717 1162 66.
743 1128 790 1162 ad
807 1129 1010 1175 apostolicam
1027 1130 1431 1178 audientiamfrequente
1453 1135 1618 1169 relatione
1637 1148 1716 1181 per-

94 1186 203 1218 venit,
232 1192 291 1215 etc.
319 1180 543 1225 Quapropter
557 1177 775 1222 prohibemus,
802 1186 861 1212 etc.
892 1180 987 1211 Haec
1005 1180 1122 1213 omnia
1143 1177 1372 1214 demonstrant
1391 1194 1537 1216 canones
1557 1183 1632 1218 illos
1653 1182 1715 1218 effe

93 1243 181 1276 opus
204 1231 392 1264 Innocentii
416 1231 476 1262 111.
503 1228 632 1272 partim
656 1228 692 1261 in
717 1226 788 1271 ipso
822 1227 986 1267 concilio,
1011 1229 1137 1272 partim
1156 1227 1232 1273 post
1251 1229 1436 1266 concilium
1456 1231 1606 1270 editum,
1636 1246 1714 1268 nam

90 1281 125 1314 in
145 1278 292 1314 concilio
311 1277 387 1313 leoli
405 1277 481 1312 sunt
500 1277 535 1310 hi
552 1288 693 1310 canones
711 1273 910 1310 auetoritate
929 1278 1118 1312 Innocentii
1137 1276 1307 1318 confesti,
1353 1292 1384 1314 et
1401 1280 1441 1314 ab
1461 1281 1578 1316 eodem
1599 1281 1714 1328 postea

87 1340 155 1374 pro
180 1328 296 1364 libito,
323 1327 428 1361 multa
455 1323 603 1372 adje&a‚
631 1336 668 1359 ut
694 1324 814 1360 docent
837 1324 917 1360 istae
934 1325 1122 1367 formulae,
1151 1329 1188 1362 in
1207 1328 1423 1374 Lateranenfi
1441 1333 1576 1365 concilio
1593 1333 1710 1378 prohi-

88 1377 193 1413 bitum
211 1401 220 1417 ‚
248 1384 308 1412 etc.

184 1423 388 1471 Respondeo
405 1423 517 1462 tertio,
537 1434 680 1458 canones
699 1421 788 1464 istm,
815 1421 838 1457 fi
856 1435 912 1458 eos
932 1424 1086 1469 excipiaS,
1115 1424 1173 1468 qui
1194 1422 1296 1460 fidem
1316 1424 1467 1472 spestant
1483 1437 1514 1461 et
1536 1427 1710 1464 confeffio-

85 1488 164 1511 nem
181 1488 219 1509 ac
237 1472 518 1509 communionem
538 1470 727 1516 paschalem
741 1496 750 1512 ‚
775 1484 842 1506 non
862 1471 924 1506 esse
942 1475 982 1507 ab
1002 1473 1098 1507 omni
1117 1472 1246 1509 ecclefia
1262 1487 1415 1522 receptos
1435 1488 1466 1510 et
1488 1477 1708 1522 approbatos.

85 1526 140 1560 Sic
166 1523 260 1558 verbi
286 1521 394 1567 gratIa
421 1531 494 1564 cap.
523 1530 577 1562 23.
598 1521 749 1563 graviter
765 1520 987 1564 prohibetur,
1015 1534 1057 1556 ne
1073 1524 1146 1568 quis
1167 1522 1207 1556 de
1223 1532 1355 1559 caetero
1375 1537 1492 1560 novam
1510 1528 1708 1574 religionem

85 1574 258 1620 instituat,
288 1582 328 1605 ne
358 1569 416 1617 qici
437 1569 584 1602 voluerit
611 1567 740 1601 domum
764 1568 931 1612 fundare,
960 1570 1001 1602 de
1026 1582 1110 1604 novo
1136 1573 1288 1619 regulam
1315 1574 1444 1608 condat.
1498 1575 1559 1608 Sed
1578 1576 1706 1612 constat

85 1622 161 1669 post
179 1620 266 1656 istud
285 1631 419 1664 tempus
434 1616 563 1652 multos
583 1616 762 1660 religiosos
783 1616 919 1650 ordines
939 1615 1001 1651 else
1012 1617 1194 1652 institutos.
1246 1623 1330 1655 Item
1349 1634 1421 1668 cap,
1444 1635 1498 1665 24.
1518 1624 1559 1657 de
1570 1623 1704 1660 elefflo-

83 1671 187 1706 nibus
207 1670 366 1705 statutum
384 1667 441 1708 fit,
467 1678 499 1701 et
521 1677 632 1700 tamen
652 1677 705 1699 eae
723 1663 838 1710 postea
855 1664 930 1700 sunt
947 1666 1136 1711 abrogatae.
1352 1702 1355 1705 ,

182 1717 386 1765 Respondeo
403 1727 536 1760 quarto,
553 1714 644 1749 hunc
661 1726 825 1748 canonem
844 1727 913 1748 non
932 1714 994 1749 esse
1014 1715 1053 1748 de
1068 1716 1150 1762 jure,
1171 1714 1228 1750 sed
1249 1716 1290 1751 de
1308 1716 1370 1751 Usu
1387 1730 1487 1763 atque
1513 1720 1692 1767 disciplina

83 1781 146 1805 nec
169 1782 208 1804 ex
227 1781 266 1803 eo
285 1766 368 1802 illud
386 1766 554 1810 dogmatis
572 1763 670 1799 condi
686 1763 777 1809 poffe
795 1764 929 1810 aliquid
944 1764 1101 1810 ecclesiam
1120 1768 1157 1799 in
1177 1768 1390 1811 temporalia,
1416 1781 1477 1803 nec
1495 1772 1585 1804 enim
1605 1783 1702 1805 mem

82 1818 150 1854 fuit
174 1829 313 1856 eorum,
339 1816 398 1860 qui
415 1825 577 1849 canonem
598 1812 823 1847 condiderunt
840 1813 875 1846 id
890 1816 1078 1848 examinare
1098 1827 1154 1849 aut
1172 1814 1367 1852 decernere,
1395 1815 1450 1851 sed
1473 1830 1602 1853 tantum
1622 1833 1702 1865 poe·

83 1880 161 1902 nam
178 1879 268 1906 eam,
296 1877 415 1911 quaea
432 1862 596 1908 Gregorii
613 1865 690 1896 Vll.
711 1861 923 1907 temporibus
942 1875 961 1896 a
981 1862 1141 1908 pontifice
1158 1862 1269 1909 infligi
1286 1865 1365 1898 licet
1388 1867 1562 1902 immerito
1581 1881 1700 1915 coepe-

79 1927 132 1952 rat
158 1917 193 1951 in
219 1928 295 1955 eos,
321 1915 381 1959 qui
407 1913 592 1947 haereticos
609 1909 725 1946 fovere
744 1910 903 1948 statuunt,
920 1910 1031 1953 ferre3
1071 1924 1139 1946 non
1158 1914 1379 1957 inquirentes,
1398 1927 1514 1951 utrum
1535 1930 1619 1963 potu
1637 1920 1702 1953 erit

78 1964 211 2001 ecclelia
240 1964 299 1999 has
328 1974 455 2009 poenas
480 1960 653 2006 infligere,
682 1971 793 1994 necne.
835 1963 965 2005 ‘Itaque
982 1973 1087 1996 canon
1104 1973 1197 1997 totus
1216 1962 1259 1997 est
1277 1963 1317 1997 de
1336 1962 1527 2011 disciplina,
1555 1979 1623 2000 non
1647 1967 1698 2001 de·

80 2014 258 2061 dogmate,
285 2014 320 2047 in
349 2010 523 2057 disciplina
548 2021 661 2044 autem
679 2008 773 2055 posse
797 2010 982 2049 concilium
1008 2012 1106 2045 etiam
1130 2012 1285 2057 generale
1304 2025 1414 2047 errare
1430 2027 1530 2049 nemo
1549 2016 1697 2065 dubitat.⁸

82 2066 154 2099 Hic
179 2064 287 2109 igitur
322 2061 438 2097 locum
461 2059 561 2095 habet
578 2070 686 2094 textus
705 2059 879 2093 decretahs
896 2059 1060 2105 Gregorii
1077 2059 1134 2094 lib.
1159 2073 1184 2104 ς.
1203 2062 1250 2095 tit.
1278 2073 1330 2106 19.
1347 2074 1419 2109 cap.
1443 2071 1497 2102 28.
1518 2066 1686 2111 judicium

66 2113 203 2157 vinquit,
230 2113 310 2152 Dei,
338 2112 499 2150 veritate,
520 2121 604 2158 quae
620 2120 676 2143 nec
697 2110 801 2154 fallit
817 2120 874 2143 nec
889 2110 1030 2155 fallitur
1042 2110 1174 2156 semper
1190 2113 1367 2147 innititur.
1421 2114 1595 2154 Judicmm
1614 2126 1694 2148 vero

80 2162 225 2206 ecclefiae
249 2171 481 2208 nonnunquam
504 2161 694 2206 opinionem
710 2160 884 2205 sequitur,
911 2170 1008 2205 quam
1033 2167 1067 2192 et
1085 2160 1214 2204 fallere
1234 2161 1336 2206 saepe
1362 2166 1531 2209 contingit
1550 2172 1582 2196 et
1596 2164 1691 2208 falli.

81 2210 188 2252 Quod
203 2209 342 2254 quidem
359 2207 589 2244 testimonium
608 2209 652 2242 ita
669 2208 911 2253 interpretatur
929 2207 1172 2245 Bellarminus‚
1197 2208 1257 2243 ubi
1275 2209 1315 2243 de
1334 2208 1574 2244 infall1b1litate
1591 2212 1691 2245 eccle·

75 2257 142 2296 siae
158 2259 246 2308 agit,
270 2269 310 2295 ut
326 2258 414 2296 dieat
427 2256 630 2306 pontificem
643 2256 740 2303 loqui
759 2256 800 2293 de
816 2255 994 2344 disehiplina
1017 2256 1246 2301 ecclesiastica,
1273 2271 1343 2295 non
1364 2259 1404 2294 de
1423 2257 1576 2296 doeh-ina
1627 2262 1690 2294 Er-

926 2316 1005 2343 mm
1033 2317 1052 2340 2
1593 2320 1639 2354 go
