1961 2718
274 229 343 264 3²²
493 212 566 248 DE
597 208 874 253 ANTI-QUA
900 202 1214 243 ECCLESIAE
1241 201 1572 239 DISCIPLINA

232 305 366 352 scriptis
381 300 578 339 sententia-m
596 297 745 334 recitavit
759 313 769 332 .-
797 295 1026 343 Privilegium
1045 290 1150 332 illud,
1176 289 1262 338 quod
1278 302 1345 325 non
1363 289 1406 336 est
1419 291 1644 338 privilegium
1659 313 1666 328 ,
1687 284 1751 332 sed
1763 286 1833 332 pri-

233 358 402 403 vilegium
416 364 478 400 pro
496 349 655 386 libertate
670 350 879 395 captivorum
899 353 932 380 et
949 341 1094 390 ecclesiae
1111 354 1131 376 a
1149 340 1279 376 domino
1295 350 1386 386 papa
1405 340 1551 384 paschali
1566 349 1629 385 per
1645 338 1838 372 violentiam

236 405 385 442 Henricz·
412 402 504 450 regis
523 407 709 435 extortum,
732 409 788 432 nos
806 406 910 431 omnes
929 395 965 428 in
980 393 1037 428 hoc
1049 390 1163 437 sanfio
1181 390 1335 426 concilio,
1363 401 1431 423 cum
1449 388 1558 423 eodem
1581 399 1672 434 papa
1699 395 1839 432 congre-

234 456 337 504 gati,
364 453 517 487 canonica
533 449 673 493 censura
699 455 732 481 et
757 443 960 491 ecclefiastica
985 443 1174 478 autoritate
1194 439 1328 487 judicio
1347 437 1462 484 JanHi
1481 439 1631 483 spiritus
1654 435 1843 471 damnamus

238 512 273 539 et
301 504 439 536 irritum
465 497 528 544 effe
545 496 753 544 judicamus,
787 503 889 542 atque
915 494 1045 528 omnino
1070 489 1236 537 caffamus.
1289 490 1338 522 Ex
1355 488 1406 522 his
1426 487 1532 522 multa
1556 484 1680 520 inferri
1709 480 1846 530 possunt

239 550 422 588 curialium
447 545 583 594 piacitis-
612 544 758 580 adversa.
797 543 946 580 Primo,
977 538 1175 587 pontificem
1207 550 1324 573 errare
1352 535 1454 583 pofl'e.
1495 534 1669 575 secundo,
1696 543 1848 568 errorem

243 601 314 648 ejus
336 612 355 634 a
372 597 516 633 concilio
537 595 667 640 corrigi
686 605 720 629 et
743 591 927 627 emendari.
983 589 1132 626 Tertio,
1163 587 1308 622 modum
1331 584 1558 622 corre-&ionis
1575 583 1638 630 ipsi
1659 597 1676 618 a
1701 581 1846 617 concilio

241 647 435 697 praescribi.
488 647 643 689 Quarto,
667 654 783 678 coram
800 640 946 676 concilio
962 637 1161 687 pontificem
1180 636 1212 672 se
1229 649 1396 683 purgare,
1424 634 1573 680 fideique
1596 630 1849 680 profeffionem‚

245 710 284 734 ut
307 697 340 732 se
357 706 522 743 purgaret
545 694 710 728 emittere.
761 693 930 729 Demum,
961 699 1117 724 errorem
1134 685 1307 732 pontificis
1323 697 1342 720 a
1358 684 1505 720 concilio
1524 684 1677 718 damnari
1697 694 1728 716 et
1744 681 1846 728 rejici.

393 745 550 788 Denique
572 744 609 777 in
635 739 789 777 conciliis
814 739 951 778 Pisano,
977 735 1242 773 Constantiensi‚
1267 747 1304 770 ac
1328 731 1515 773 Basileenss,
1548 732 1694 767 Romani
1712 727 1846 776 pontifi·

244 807 310 834 ces,
334 806 374 831 ut
389 793 613 829 conciliorum
637 789 794 836 pau-Ibus
809 786 856 822 est
871 785 1002 826 visum,
1030 783 1177 831 depositi
1192 783 1269 818 sunt
1287 783 1414 827 aliique
1429 783 1470 816 ad
1487 780 1646 827 ipsorum
1671 791 1793 815 nutum
1811 780 1848 813 in

245 857 366 881 torum
385 844 501 878 locum
523 839 717 883 subrogati,
742 836 804 881 qui
822 834 865 870 ab
882 833 1038 868 universa
1053 831 1188 868 ecclefia
1204 844 1274 878 pro
1303 831 1467 876 legitimis
1483 829 1591 864 habiti
1608 829 1704 868 (unu
1730 827 1786 864 sed
1813 839 1849 863 ea

245 894 290 931 de
305 907 342 930 re
355 893 457 940 plura
472 886 691 936 paragrapho
708 883 879 930 sequenti.

396 943 521 976 Unum
537 937 592 972 hic
609 935 734 971 addam
750 933 888 969 concilii
905 928 1015 967 oaavi
1031 930 1203 965 decretum
1214 953 1224 970 ,
1249 927 1344 973 quod
1361 938 1434 962 rem
1451 937 1542 962 extra
1558 937 1698 961 omnem
1717 937 1852 961 contro-

246 991 391 1031 versiam
408 988 531 1035 ponit3
559 986 626 1021 hoc
641 985 774 1030 quippe
792 994 920 1018 canone
942 979 1110 1027 vigefimo
1136 979 1256 1025 primo
1283 977 1505 1012 reverentiam
1536 975 1671 1021 quidem
1696 977 1852 1011 Romano

246 1043 411 1090 epiicopo
428 1037 578 1073 debitam
593 1046 727 1071 tuetur,
752 1033 798 1068 ita
814 1043 925 1066 xamen
937 1055 949 1072 ,
975 1041 1013 1065 ut
1027 1027 1127 1075 poffit
1144 1029 1180 1062 in
1198 1039 1277 1061 eum
1292 1039 1312 1061 a
1327 1025 1474 1061 concilio
1491 1023 1653 1060 sementia
1669 1022 1771 1066 ferri,
1798 1024 1852 1058 his

245 1090 382 1129 verbis:
407 1088 447 1124 sn*
464 1088 537 1135 quis
553 1093 655 1121 tanta
675 1083 838 1130 efferatus
861 1079 1000 1116 audacia
1014 1103 1026 1116 ‚
1050 1077 1322 1126 quemadmodum
1345 1075 1480 1111 Pharius
1505 1084 1541 1110 et
1563 1075 1763 1120 Dioscorus,
1786 1073 1854 1119 five

240 1143 394 1189 scripto,
409 1137 482 1183 five
487 1135 559 1182 fine
570 1135 705 1180 scripto
724 1133 875 1176 insanias
902 1128 1061 1177 quasdam
1087 1136 1204 1162 contra
1226 1125 1419 1160 cathedram
1444 1125 1616 1170 coriphaei
1642 1123 1856 1170 apostolorum

246 1192 345 1226 Petri
362 1185 485 1222 audeat
502 1184 650 1230 iaHare,
677 1181 816 1217 eandem
834 1188 936 1227 atque
952 1177 1225 1221 illiimtentiam
1241 1174 1463 1209 damnationis
1477 1172 1609 1218 subeat.
1660 1173 1701 1207 Si
1719 1184 1787 1220 qua
1802 1182 1855 1206 ve-

247 1253 286 1275 ro
301 1236 506 1273 oecumenica
523 1232 653 1268 collefla
671 1231 711 1265 de
721 1228 848 1276 synodo
867 1228 910 1262 de
925 1228 1074 1262 Romana
1090 1227 1191 1259 esiam
1207 1222 1331 1269 ecclesia
1350 1221 1569 1269 controversia
1585 1224 1764 1258 extiterit,
1780 1222 1857 1255 lice·

251 1288 304 1324 bit
322 1297 392 1320 cum
410 1283 547 1318 decenti
561 1282 754 1315 reverentia
769 1278 812 1312 de
824 1275 989 1323 proposita
1005 1272 1191 1320 quaestione
1210 1280 1414 1306 veneranter
1425 1273 1641 1316 percontari,
1653 1269 1855 1316 responsum·

250 1347 314 1386 que
329 1333 526 1369 admittere,
554 1337 588 1363 et
597 1327 670 1373 five
681 1327 810 1373 juvari
827 1349 837 1364 ,
854 1324 925 1370 five
934 1325 1083 1368 juvare,
1111 1332 1176 1354 non
1202 1328 1310 1354 tamen
1331 1317 1547 1364 impudenter
1573 1326 1689 1353 contra
1709 1319 1856 1363 seniores

255 1387 379 1422 Romae
394 1376 564 1427 pontifices
574 1377 775 1422 sententiam
793 1372 913 1408 dicere.
964 1368 1103 1411 Quibus
1129 1365 1311 1413 postremis
1331 1366 1448 1400 verbis
1473 1378 1543 1401 non
1567 1365 1688 1400 adimit
1710 1365 1857 1401 concilio

256 1431 411 1482 synodus
432 1425 550 1461 ogiava
574 1423 777 1471 potestatem
793 1418 962 1468 judicandi
982 1418 1022 1452 de
1044 1415 1206 1462 episcopo
1232 1418 1414 1452 Romano,
1450 1427 1552 1459 quam
1579 1414 1862 1461 praecedentibus

257 1495 287 1518 el
304 1477 485 1518 conceffit;
511 1475 705 1510 sedtamum
724 1482 829 1510 cavet„
843 1482 886 1504 ne
904 1466 1124 1512 impudenter
1150 1475 1181 1498 et
1205 1462 1366 1498 audasser
1389 1463 1515 1508 privati
1540 1463 1710 1510 episcopi,
1742 1464 1859 1509 quales

256 1530 404 1568 Photius
419 1537 451 1561 et
465 1523 669 1563 Dioscorus,
697 1519 896 1555 sententiam
920 1517 956 1550 iu
976 1511 1179 1560 pontificem
1201 1511 1322 1546 dicant.
1378 1512 1484 1554 Quod
1509 1525 1550 1547 ex
1571 1514 1694 1563 primis
1719 1514 1858 1548 canonis

253 1579 366 1618 verbis
384 1578 505 1620 liquet,
524 1573 557 1619 st
571 1574 644 1620 quis
659 1578 760 1605 tanta
779 1568 939 1614 efferatus
959 1563 1118 1602 audacia,
1146 1559 1416 1609 quemadmodum
1441 1561 1575 1595 Pharius
1599 1571 1634 1597 et
1656 1563 1859 1607 Dioscorus,

259 1640 321 1666 etc.
372 1628 415 1661 Et
434 1622 512 1657 sane
531 1620 683 1668 synodus
699 1616 870 1664 permittit
887 1613 1036 1648 concilio
1055 1610 1276 1646 oecumenico
1294 1609 1336 1644 de
1353 1610 1412 1650 iis,
1441 1621 1525 1654 quae
1541 1607 1690 1656 speGant
1705 1610 1745 1645 ad
1770 1611 1863 1646 sum-

256 1690 356 1715 mum
370 1670 570 1721 pontificem
588 1679 749 1714 quaerere
764 1678 797 1700 et
812 1665 981 1713 judicare,
1007 1673 1169 1706 eumque,
1197 1671 1235 1694 ut
1256 1658 1378 1697 habet,
1403 1659 1538 1706 juvare,
1563 1659 1616 1693 vel
1633 1659 1674 1694 ab
1697 1672 1739 1695 eo
1767 1660 1860 1707 juva·

258 1729 311 1766 xi,
334 1727 403 1761 hoc
419 1721 484 1762 est,
510 1719 563 1754 vel
580 1730 660 1754 eum
679 1717 817 1755 docere,
844 1713 897 1749 vel
913 1711 955 1747 ab
973 1723 1016 1746 eo
1030 1710 1164 1745 doceri.-
1190 1719 1279 1742 vetat
1298 1719 1409 1743 autem
1427 1708 1687 1750 tantummodo,
1700 1721 1743 1744 ne
1761 1719 1865 1744 teme·

259 1790 298 1814 re
323 1772 483 1810 sententia
505 1770 542 1804 in
570 1780 648 1803 eum
673 1764 877 1812 proferatur
894 1786 904 1800 ‚
953 1760 1248 1807 supponens-»team
1282 1756 1366 1792 ferri
1402 1756 1499 1803 posse
1513 1782 1526 1795 ,
1576 1757 1599 1791 fi
1632 1770 1699 1793 non
1732 1770 1860 1793 temere

260 1838 295 1862 et
324 1821 562 1869 imprudenter
595 1817 632 1852 id
656 1829 675 1851 a
698 1814 841 1861 privatis
865 1811 952 1849 fiat,
1003 1808 1059 1844 sed
1084 1808 1133 1854 ab,
1153 1805 1306 1842 universa
1339 1805 1484 1852 synodo.
1547 1809 1632 1841 Uno
1659 1806 1766 1842 verbo
1789 1819 1862 1842 non

263 1885 364 1920 negat
383 1869 536 1919 synodus
558 1865 780 1902 oecumenico
794 1861 943 1898 concilio
956 1858 1120 1908 judicium
1137 1854 1312 1904 pontificis
1329 1857 1474 1891 Romani
1493 1867 1703 1901 competere,
1729 1857 1800 1892 imo
1826 1856 1862 1892 id

262 1923 423 1960 adstruit,
447 1917 506 1953 sed
529 1927 655 1951 tantam
676 1912 794 1949 definit
807 1924 878 1947 non
896 1909 958 1945 effe
981 1908 1024 1943 de
1049 1919 1089 1943 eo
1115 1918 1259 1946 temere,
1282 1905 1514 1951 judicandum.
1564 1908 1644 1940 Nec
1679 1904 1741 1945 est,
1767 1905 1863 1950 quod

262 1984 360 2021 putet
376 1969 555 2015 Caietanus
573 1991 581 2006 ‚
609 1965 674 1999 hoe
692 1963 724 1998 se
740 1963 842 1998 telum
861 1962 986 1999 vitare,
1014 1956 1156 1993 dicendo
1173 1954 1306 1990 sensum
1335 1956 1474 1989 canonis
1491 1953 1553 1988 esse
1584 1967 1652 1988 non
1671 1953 1766 2001 poss'e
1793 1954 1866 1990 fine

262 2021 398 2059 audacia
415 2018 455 2052 de
476 2013 640 2062 pontifice
657 2017 815 2049 Romano
830 2009 983 2056 judicari.
1035 2005 1255 2042 Contrarium
1272 2004 1361 2038 enim
1381 2003 1546 2050 supponit
1573 2002 1721 2051 synodus
1739 2030 1748 2045 ‚
1783 2016 1864 2039 cum

263 2071 339 2108 vult
357 2068 399 2103 de
416 2065 517 2102 rebus
535 2064 575 2098 ad
594 2060 790 2109 pontificem
810 2057 1050 2101 ecclesiamque
1064 2058 1249 2091 Romanam
1270 2051 1497 2098 spefiantibus
1519 2066 1537 2087 a
1557 2052 1691 2101 synodo
1716 2054 1866 2097 inq-aim

272 2121 316 2156 nd
341 2117 425 2164 quid
445 2116 535 2149 enim
562 2113 809 2156 inquireretur,
831 2109 890 2143 nifi
903 2107 1115 2154 urs-,odicium
1130 2102 1306 2138 ferretur?
1337 2101 1460 2145 Quidfi
1483 2101 1700 2146 inquisitione
1718 2100 1866 2136 fastain-

263 2170 437 2205 veniretur
456 2163 663 2200 haereticus,
690 2172 746 2195 aut
770 2157 1044 2205 gravissimorum
1069 2153 1252 2189 criminum
1272 2164 1356 2189 reus,
1377 2151 1550 2196 nolletque
1567 2151 1695 2197 juv-gri,
1720 2150 1785 2185 hoc
1803 2150 1861 2195 est,

263 2216 437 2254 emendari
453 2211 649 2260 asynodo?
676 2210 762 2255 Quis
781 2207 928 2244 dubitet,
955 2207 1039 2250 quin
1055 2215 1149 2241 mens
1165 2200 1288 2250 synodi
1309 2198 1436 2243 fuerit,
1471 2201 1589 2238 hocin
1615 2199 1691 2237 casu
1718 2199 1785 2236 sine
1813 2211 1864 2237 te.

259 2267 413 2306 neritate
437 2262 638 2301 sententiam
656 2261 692 2297 in
708 2271 787 2298 eum
805 2257 870 2295 dici
889 2254 1010 2306 poffe?
1716 2299 1736 2344 ς

1735 2326 1742 2336 .
1767 2300 1813 2336 V.
