1961 2718
272 211 356 252 ‘3¹6
507 205 578 242 DE
605 202 888 244 ANTIQUA
913 193 1203 233 ECCLESIAE
1229 193 1570 235 DISCIPLINA

336 295 496 333 Similiter
521 292 678 328 Hilarius
697 303 786 338 papa
805 291 839 324 iu
858 291 1014 323 Romano
1034 283 1196 326 concilio,
1226 283 1285 329 qui
1301 282 1462 330 praefuit.
1512 287 1603 328 Nos,
1630 285 1760 332 inquit,
1787 294 1849 336 po,-

237 347 348 396 tiffimi
359 344 547 392 sacerdotis
573 341 843 387 administramus
868 336 990 381 officia,
1018 337 1137 370 talium
1159 332 1451 381 transgressionum
1479 337 1574 383 culpa
1591 337 1741 383 respiciet
1760 364 1767 372 .
1785 363 1793 372 .
1815 363 1822 371 .
1841 364 1851 373 .

231 399 261 446 Ji
280 397 412 445 quidem
433 402 531 430 reatu
552 395 678 438 majore
697 390 884 436 delinquit,
911 388 970 433 qui
983 387 1113 433 potiori
1129 385 1252 420 honore
1266 385 1497 430 perfruitur,
1523 393 1557 421 et
1568 389 1741 434 graviora
1755 388 1853 434 facit

239 450 331 482 vitia
342 444 557 491 sacerdotum
568 441 757 487 sublimitas
773 438 1002 485 personarum.
1086 432 1091 435 ’

339 499 514 540 Agapetus
534 489 627 537 epist.
652 495 683 525 6.
701 488 740 524 ad
759 486 949 522 Caesarium
968 479 1214 519 Arelatensem:
1242 491 1419 521 revocant,
1446 483 1576 530 inquit,
1603 494 1687 524 nos,
1715 484 1854 529 quomi-

240 557 338 587 „nus
363 543 535 579 desideriis
563 542 628 576 tuis
654 548 841 574 annuamus
865 533 1053 570 venerenda
1071 543 1206 578 patrum
1222 528 1487 565 manifessiffima
1505 530 1701 570 constituta,
1728 531 1855 578 quibus

240 593 457 640 „specialiter
483 589 710 637 prohibemur
734 585 874 633 praedia
890 584 978 631 juris
995 580 1159 622 ecclefiae,
1187 581 1240 614 cui
1260 591 1323 614 nos
1343 581 1562 626 omnipotens
1581 580 1740 617 dominus
1761 594 1856 628 prae.

242 672 262 689 „
274 643 334 679 effe
349 642 519 678 constituit
539 638 691 684 quolibet
708 635 807 672 titulo
829 634 868 668 ad
888 634 994 668 aliena
1012 628 1307 679 Jura'transferre3
1337 641 1403 674 qua
1421 631 1455 663 in
1474 642 1511 664 re
1531 629 1713 676 sapientiae
1730 632 1855 666 vestrae

246 705 417 739 „quoque
435 690 602 726 credimus
623 685 684 722 esse
703 682 935 731 gratiffimum,
964 681 1058 727 quod
1078 681 1113 715 in
1129 679 1223 714 nullo
1240 689 1358 714 contra
1373 678 1502 724 priscas
1522 678 1747 722 definitiones,
1775 692 1857 716 con.

245 742 386 786 „stituta
411 740 462 775 vel
488 738 622 784 regulas
650 734 797 780 qualibet
820 730 1008 770 occafione,
1035 730 1097 764 sub
1123 730 1354 776 cujuscunque
1380 726 1543 773 personae
1566 728 1720 775 respee'cu
1741 731 1857 764 venire

246 820 266 835 „
277 790 514 828 concedimt133
543 799 604 821 nec
631 783 816 819 tenacitatis
844 779 973 819 studio,
1000 790 1056 813 aut
1084 777 1260 812 saecularis
1287 776 1438 811 utilitatis
1466 777 1560 813 caufla
1586 779 1651 813 hoc
1667 775 1776 814 facere
1793 790 1857 813 „03

245 842 418 885 „credatis
430 865 437 879 ‚
466 837 520 872 sed
540 834 647 870 divini
662 830 930 867 confidet-atione
946 827 1073 874 judicii,
1091 824 1216 860 neceffe
1234 824 1333 860 nobis
1351 824 1415 866 est,
1433 827 1596 872 quicquid
1615 826 1787 875 synodalis
1805 827 1860 862 de·
1884 816 1897 834 ‘¹

241 893 375 936 „crevit
393 887 572 924 autoritas,
601 879 841 917 inviolabiliter
867 874 1046 911 custodire.

347 935 539 983 Gregorius
560 935 585 968 I.
605 930 664 966 lib.
689 942 718 973 3.
737 925 854 962 ἰιιάἰξὶ.
879 938 933 959 12.
957 922 1050 970 epist.
1075 934 1129 966 30.
1142 921 1381 958 constantinae
1398 921 1568 968 Augustae
1584 935 1692 971 negat,
1712 924 1806 970 quod
1824 925 1863 960 il-

246 994 278 1028 la
300 991 461 1037 petierat,
488 995 527 1018 ut
546 991 647 1027 caput
664 975 775 1014 Sansti
789 976 829 1011 ad
849 973 882 1009 se
908 974 1178 1012 transmitteret,
1205 972 1311 1020 quad,
1337 973 1466 1015 inquit,
1494 985 1553 1008 vos
1571 976 1634 1009 illa
1649 975 1861 1022 praecipitis,

247 1052 331 1090 quae
344 1042 465 1086 facere
489 1045 548 1068 nec
572 1030 718 1078 poffum,
746 1039 802 1062 nec
833 1024 948 1059 audeo.
977 1022 1052 1057 Lib.
1073 1035 1103 1056 2.
1125 1020 1195 1056 ind.
1218 1034 1270 1056 ιι.
1292 1019 1384 1067 epist.
1409 1033 1462 1065 52·
1513 1023 1553 1058 Si
1566 1035 1699 1059 canone,
1715 1036 1783 1059 no„
1803 1036 1860 1059 cu,

242 1090 394 1137 stoditis,
423 1093 456 1120 et
476 1085 641 1129 majorum
664 1075 908 1122 vultisstatuta
926 1073 1128 1112 convellere,
1156 1083 1221 1106 non
1237 1073 1403 1119 cognosco,
1419 1073 1480 1118 qui
1498 1071 1579 1118 estis.
1632 1073 1729 1108 idem
1746 1072 1804 1108 lib.
1828 1085 1859 1110 1.

248 1138 343 1188 epist.
366 1147 422 1178 24.
442 1133 486 1168 ait
506 1131 537 1166 se
557 1139 703 1175 quatuor
729 1124 870 1161 concilia
890 1121 1079 1167 generalia,
1106 1120 1199 1155 velut
1217 1131 1365 1164 quatuor
1384 1120 1554 1165 evangelia
1573 1123 1734 1156 venerari,

345 1185 518 1222 Martinus
542 1183 568 1216 1.
601 1176 692 1225 epist.
723 1188 752 1220 5.
777 1174 819 1209 ad
837 1175 1004 1220 Joannem
1034 1169 1285 1216 Philadelphiae
1308 1167 1529 1215 episcopum,
1557 1171 1863 1217 defensoreunim,

246 1238 376 1283 inquit,
402 1234 597 1270 divinorum
618 1237 777 1263 canonum
795 1233 827 1259 et
844 1222 981 1269 custodes
993 1223 1122 1266 sumus,
1149 1232 1214 1254 non
1229 1221 1529 1265 praevaricatores.
1580 1223 1623 1256 Et
1643 1221 1676 1254 in
1699 1219 1791 1267 epist,
1819 1220 1863 1255 ad

250 1284 446 1323 Amandum
465 1276 711 1325 trajeaensem:
739 1273 824 1311 Ideo,
848 1272 968 1313 inquit,
995 1269 1113 1314 neceffe
1130 1267 1302 1304 habuimus
1319 1292 1406 1303 .....
1433 1277 1559 1304 coetum
1573 1270 1765 1319 generalem
1784 1272 1862 1317 fra·

248 1347 338 1374 trum
354 1341 388 1368 et
405 1329 656 1375 coepiscoporum
673 1322 853 1365 nostrorum
872 1321 908 1352 in
923 1320 1074 1352 Romana
1093 1319 1236 1350 civitate
1255 1328 1475 1364 congregare.

349 1378 526 1417 Zacharias
545 1373 637 1420 epist.
661 1384 691 1406 1.
709 1369 750 1404 ad
768 1364 883 1402 Bonif.
902 1378 974 1411 cap.
1003 1377 1031 1408 5.
1060 1363 1162 1410 Abfit‚
1180 1372 1218 1398 ut
1235 1364 1293 1398 lzoc
1310 1364 1543 1410 praedeceffor
1560 1365 1666 1412 noster
1675 1369 1726 1401 ita
1749 1365 1863 1401 creda-

251 1447 310 1472 tur
332 1426 550 1479 praecepiffe,
575 1435 631 1458 nec
657 1423 741 1455 enim
766 1416 806 1451 ab
832 1417 890 1450 hac
915 1414 1089 1461 apostolica
1106 1412 1187 1457 sede
1204 1413 1261 1447 illa
1277 1411 1494 1460 diriguntur,
1510 1426 1594 1462 quae
1612 1418 1783 1450 contraria
1803 1414 1865 1462 effe

246 1477 465 1535 patrumfive
482 1484 636 1510 canonum
655 1463 816 1515 institutis
836 1467 1087 1517 invenirentur.
1233 1510 1239 1516 ι

350 1533 420 1564 Leo
445 1527 507 1560 111.
534 1524 568 1556 in
594 1519 740 1561 dialogo,
767 1525 869 1559 quem
897 1513 938 1546 de
955 1511 1131 1545 addttlone
1151 1508 1338 1555 particulae
1359 1508 1501 1554 filioque
1519 1509 1676 1558 symbolo
1699 1509 1786 1546 fasta
1803 1511 1862 1546 ha,

251 1583 327 1619 buit
352 1589 430 1614 curn
455 1573 571 1618 legatis
599 1566 713 1604 Caroli
739 1563 976 1609 imperatoris,
1006 1569 1104 1604 negat
1131 1557 1322 1603 quidquam
1349 1556 1383 1593 se
1408 1557 1501 1604 posse
1527 1560 1684 1597 svmbolo
1709 1560 1860 1607 adjicere,

274 1635 331 1668 uia
346 1653 355 1665 ,
382 1624 511 1669 inquit,
538 1631 586 1655 me
604 1619 672 1653 illis
687 1612 843 1661 patribus
860 1609 1222 1657 Constantinopolitani
1238 1609 1369 1643 concilii
1385 1620 1451 1643 non
1467 1600 1549 1644 dico·
1556 1612 1751 1656 praeferam
1767 1634 1775 1650 ,
1798 1610 1863 1656 sed

256 1681 355 1728 abfit,
380 1684 418 1710 ut
437 1679 616 1719 coaequare
632 1665 850 1714 praesumam.
973 1707 980 1712 ἡ

351 1722 520 1762 Nicolaus
548 1722 574 1754 I.
606 1713 747 1763 epistola
778 1723 833 1756 3²·
863 1708 904 1744 ad
929 1706 1109 1754 episcopos
1126 1703 1381 1740 Silvaneaenfis
1410 1705 1563 1749 concilii,
1589 1708 1674 1752 sciat
1691 1705 1864 1744 beatitudo

255 1779 380 1826 vestra,
407 1785 471 1809 non
490 1783 546 1806 nos
566 1767 702 1816 regulas
720 1771 820 1810 atque
838 1760 973 1795 decreta
989 1758 1075 1791 velle
1093 1766 1311 1800 corrumpere.

355 1824 528 1860 Adrianus
556 1820 598 1852 Il.
628 1816 668 1850 de
694 1813 747 1847 his
775 1811 864 1845 nilzil
891 1807 1046 1842 audemus
1067 1804 1236 1852 judicare,
1263 1804 1352 1851 quod
1374 1804 1469 1852 poffit
1493 1805 1643 1840 Nicaeno
1669 1806 1802 1840 concilio
1830 1814 1864 1841 et

256 1879 401 1928 quinque
420 1878 624 1906 caeterorum
642 1863 852 1899 conciliorum
873 1858 1003 1903 regulis
1026 1857 1082 1890 vel
1099 1853 1236 1889 decretis
1253 1854 1430 1899 nostrorum
1448 1853 1677 1899 ametistorum
1694 1853 1840 1889 obviare,

357 1925 502 1970 joannes
526 1919 623 1951 VIII.
648 1910 742 1959 epist.
774 1920 853 1953 231.
881 1907 927 1941 Et
954 1908 1053 1953 quia,
1080 1902 1209 1947 inquit,
1235 1902 1376 1949 ecclefiae
1399 1903 1470 1938 Dei
1483 1904 1712 1951 privilegium
1731 1915 1788 1938 nos
1806 1905 1864 1940 de-

240 1976 309 2010 ‚cet
335 1972 578 2006 immutilatum
607 1963 794 2007 solemniter
822 1958 1036 2001 conservare,
1066 1964 1106 1988 ne
1121 1955 1157 1987 in
1174 1952 1283 1998 aliquo
1300 1962 1435 1998 patrum
1452 1955 1608 1987 terminos
1621 1955 1797 1999 praeferre
1812 1956 1867 1989 vi-

260 2024 409 2060 deamur,
427 2027 541 2052 contra
552 2015 683 2061 statuta
702 2011 861 2055 majorum
886 2016 990 2053 agere
1004 2004 1219 2051 nequivimus.

358 2066 513 2104 Silvester
541 2067 583 2098 Il.
603 2059 693 2107 epist.
721 2070 798 2100 ¹45·
830 2056 949 2101 Itaque
974 2056 1011 2087 in
1036 2052 1130 2096 causa
1159 2047 1303 2084 Roberti
1318 2048 1466 2086 abbatis,
1493 2048 1531 2083 ob
1555 2061 1624 2084 eam
1642 2049 1865 2098 quamserva-

259 2133 328 2158 mus
346 2131 384 2153 ac
395 2119 525 2162 semper
542 2111 637 2147 vobis
651 2112 791 2155 servare
819 2105 967 2138 volumus
977 2101 1097 2144 fidem,
1122 2100 1198 2134 haec
1214 2101 1286 2133 tria
1303 2098 1516 2143 consultando
1538 2101 1766 2146 proponimus,
1791 2101 1866 2144 pri-

260 2181 345 2207 mum
362 2179 426 2202 non
442 2164 506 2211 effe
519 2162 621 2209 nostri
631 2160 725 2206 juris
737 2157 861 2202 falcem
879 2156 915 2188 in
931 2153 1075 2187 alienam
1099 2147 1224 2194 meffem
1243 2158 1378 2193 ponere,

360 2214 554 2259 Gregorius
572 2213 649 2244 VII.
676 2208 723 2242 Et
748 2207 843 2252 quia,
871 2202 982 2247 inquit
1006 2199 1063 2234 lib.
1093 2210 1123 2233 τι.
1148 2194 1239 2242 epist.
1266 2208 1294 2239 5.
1321 2195 1511 2232 venerandi
1536 2206 1670 2231 canones
1689 2194 1735 2229 ad
1759 2196 1864 2235 sacer.

262 2268 351 2305 dotia·
375 2263 541 2314 gradum,
567 2261 649 2298 tales
674 2255 815 2306 provehi
840 2251 1073 2289 contradicunt
1094 2246 1241 2295 probare
1264 2257 1312 2281 eos
1332 2247 1496 2292 nonsatis
1515 2254 1644 2282 cautum
1654 2247 1740 2291 fore
1758 2252 1864 2289 puta-

937 2321 941 2324 “
1720 2304 1810 2333 mus,
