1982 2739
282 205 354 234 ’πυ
481 191 553 230 m:
602 189 880 234 ANTIQUA
928 184 1214 235 EQCLESIAE
1258 185 1592 234 Discum-„lna

234 284 402 322 municari
420 295 430 325 ς
458 294 528 328 quo
555 279 666 329 posito
694 279 888 325 quaeritur,
911 289 963 312 an.
976 276 1012 322 in
1031 273 1110 310 istos
1130 285 1253 311 omnes
1282 275 1647 313 excommunicationis
1665 270 1770 311 telum
1787 275 1841 311 vi-

235 335 330 373 brari
355 331 465 381 poffit.
991 350 1000 373 3
1482 323 1484 326 '

386 381 523 418 Constat
540 381 675 428 primo,
700 379 852 424 privatos
868 376 1026 415 homines
1043 374 1155 423 laicos¹¹
1171 384 1202 410 et
1213 372 1350 408 clericos
1369 371 1410 409 ab
1431 371 1595 425 episcopo
1622 385 1655 410 et
1677 366 1781 409 dero'
1795 386 1851 409 ex-

235 433 488 472 communicari
505 428 610 479 poffe.
662 427 799 469 Constat
817 429 899 463 item
919 423 1118 474 episcopum
1133 435 1156 473 φ
1172 422 1440 470 metropolitano
1458 434 1490 457 et
1504 416 1852 471 synodoprovinciae

234 483 528 520 excommunicari
547 491 578 515 et
599 479 739 525 deponi.
793 476 931 513 Constat
948 476 1050 512 tertio
1069 468 1216 520 ecclesias
1235 474 1323 510 iuter
1341 471 1371 507 se
1386 471 1480 518 vposse
1495 474 1770 513 acommunione
1779 485 1853 508 mu-

235 545 298 570 tua
317 533 506 574 discedere3
528 541 594 565 >nec
614 527 758 563 dubium
777 525 842 567 est,
867 528 954 571 quin
981 521 1264 569 metropolitanus
1291 535 1309 557 a
1337 521 1466 570 synodo
1492 521 1646 568 plurium
1672 520 1853 568 episcopo-

238 595 321 621 -rum
330 580 428 628 poffit
439 577 726 616 excommunicari
734 586 765 611 et
776 575 905 622 deponi
918 602 926 616 ,
938 573 1134 622 praesertim
1146 571 1167 606 fi
1179 570 1360 607 consentiat
1373 584 1403 606 et
1415 570 1496 606 adsit
1507 570 1640 619 synodo
1648 571 1853 618 patriarcha.

237 636 294 670 De
311 630 514 679 patriarchis
530 627 609 675 ipfis
624 638 661 662 ac
676 623 889 672 potiffimum
909 624 951 663 de
967 624 1082 670 primo
1101 621 1292 669 patriarcha
1311 624 1467 656 Romano
1485 620 1648 668 episcopo
1665 634 1684 656 a
1713 621 1772 666 qui
1793 619 1853 664 ,us-

240 683 322 717 dam
339 681 522 716 dubitatur.
574 675 748 713 Nonnulli
765 676 857 716 enim
878 674 1019 722 curiales
1039 669 1196 719 doGores
1212 675 1406 708 Romanum
1416 669 1620 717 pontificem
1629 668 1767 717 nulliju'
1787 670 1855 706 icio

236 731 431 768 obnoxium
449 727 514 764 effe
533 739 603 763 non
619 725 817 761 dubitarunt
831 722 989 764 asserere,
1017 734 1053 757 ac
1070 721 1218 769 proinde
1237 733 1315 756 eum
1340 733 1411 756 non
1440 718 1533 766 poise
1559 733 1578 755 a
1600 732 1774 765 quoquam
1801 720 1854 754 ex}

237 779 489 817 communicari
506 788 563 813 aut
581 777 728 822 deponi:
758 786 821 809 nos
839 786 922 808 vero
941 783 1060 807 contra
1077 770 1157 813 istos
1176 767 1361 806 secundum
1380 767 1785 805 conciliiConstautienfis
1798 768 1854 804 de-

239 830 435 865 finitionem
454 827 522 863 duo
539 836 714 868 tenemus5
743 825 897 868 primum
916 820 978 860 est,
995 823 1202 854 ‘Romanum
1227 818 1426 865 pontificem
1446 817 1566 854 sub‘effe
1599 817 1733 854 concilii
1749 816 1856 865 prae·
1911 848 1914 851 .

237 879 354 915 sertim
378 877 545 925 generalis
563 874 688 922 judicio
701 897 710 912 ‚
737 883 768 906 et
785 871 825 906 ab
844 882 886 905 eo
905 869 1034 915 deponi
1053 866 1163 914 poffe,
1192 879 1323 902 necnon
1343 868 1525 912 corrigiae
1551 868 1743 903 emendari:
1777 868 1855 905 alte-

241 940 320 964 rum
337 927 383 963 est
406 923 604 973 pontificem
625 924 821 957 Romanum
847 920 883 954 in
908 929 1062 953 errorem
1077 918 1173 952 circa
1199 915 1302 951 fidem
1319 927 1376 951 aut
1393 916 1504 951 bonos
1523 928 1636 952 mores
1649 916 1719 952 labi
1738 917 1853 962 poffe,·

237 990 311 1023 quo
337 990 372 1012 tn
387 974 466 1013 casu
483 973 576 1009 haud
598 970 743 1006 dubium
761 969 843 1014 quin
858 967 953 1003 liceat
970 967 1107 1008 caeteris
1126 963 1297 1012 episcopis
1325 976 1357 1000 et
1375 963 1516 1000 ecclessis
1541 966 1590 1000 ab.
1610 961 1680 1013 ejus
1707 977 1858 1002 commu-

240 1029 346 1062 nione
366 1023 550 1060 discedere.
608 1023 703 1062 Haec
727 1029 836 1054 autem
854 1028 1029 1062 >tamquam
1047 1026 1137 1050 certa
1155 1027 1187 1050 et
1214 1014 1401 1056 indubitata
1419 1025 1508 1050 nunc
1529 1013 1682 1062 supponi
1705 1011 1860 1061 poffent,

240 1088 304 1111 nec
320 1072 443 1110 neceffe
464 1072 508 1108 est
526 1084 562 1107 ea
577 1069 738 1117 pluribus
759 1065 996 1104 confirmare;
1020 1065 1113 1111 quod
1131 1076 1161 1100 et
1179 1077 1241 1100 nos
1267 1078 1285 1100 a
1307 1064 1487 1112 proposito
1511 1063 1650 1111 longius
1674 1061 1859 1108 avocarer‘,

240 1137 274 1162 ct
292 1125 450 1170 deinceps
468 1120 542 1158 fuse
559 1118 764 1167 probabitur
782 1118 818 1152 in
835 1117 909 1152 aliis
931 1114 1226 1151 dissertationibus.
1654 1107 1657 1115 ¹
1835 1110 1839 1115 '

395 1177 518 1217 itaqu-,e
533 1172 599 1207 hoc
623 1166 992 1212 unuminquirendum
1010 1164 1124 1205 restat,
1150 1175 1269 1199 utrum
1287 1175 1383 1209 reges
1404 1164 1703 1199 excommunicari·
1717 1160 1859 1210 poffint3

241 1236 352 1271 quum
365 1224 455 1258 enim
463 1215 802 1267 Romanflpontifices
819 1229 837 1250 a
847 1216 1024 1260 Gregorio
1035 1216 1112 1249 VII.
1131 1215 1175 1248 ita
1189 1224 1284 1257 reges
1297 1213 1640 1253 excommunicarint,
1650 1224 1689 1246 ut
1699 1211 1796 1254 fimul
1806 1218 1859 1247 eo-

244 1286 324 1310 rum
343 1271 497 1308 subditos
507 1268 737 1304 asucramento
747 1264 826 1299 fidei
836 1264 1046 1305 absolverent
1055 1287 1064 1300 ‚
1075 1274 1248 1307 regnaque
1261 1273 1379 1295 eorum
1389 1260 1530 1295 cuilibet
1542 1260 1738 1307 occupanda
1749 1261 1859 1296 trade-

243 1334 331 1359 rent.
384 1321 478 1356 Hinc
496 1315 626 1356 factum
647 1314 702 1355 est,
718 1325 755 1349 ur
771 1325 892 1358 regum
901 1309 1096 1346 defensores
1114 1311 1270 1355 negarint
1285 1307 1437 1354 absolute
1456 1322 1551 1356 reges
1569 1311 1858 1347 excommunicari

245 1371 356 1419 posse,
385 1382 424 1404 eo
441 1367 566 1403 scilicet
594 1364 720 1404 modo,
757 1374 825 1407 quo
850 1361 996 1397 Romani
1021 1358 1201 1406 pontifices
1229 1370 1284 1393 eos
1314 1357 1608 1394 excommunicare
1634 1359 1855 1395 conabantur.

244 1425 377 1457 Verum
395 1418 417 1452 fi
435 1419 510 1462 quis
529 1413 640 1451 exaste
662 1413 759 1457 loqui
776 1411 871 1451 velit,
901 1411 1011 1444 dicere
1040 1409 1138 1443 debet
1163 1420 1262 1453 reges
1284 1406 1435 1442 absolute
1452 1408 1493 1442 ab
1515 1407 1643 1443 ecclesia
1662 1421 1857 1444 excommu-

235 1470 353 1506 -nicari
369 1465 462 1514 posse
479 1466 544 1500 hoc
561 1462 624 1504 est,
651 1463 813 1507 indignos
831 1458 979 1494 ecclefiae
992 1457 1238 1493 communione
1257 1456 1417 1491 declarari
1431 1459 1466 1492 in
1486 1458 1585 1492 rebus
1605 1454 1874 1512 spiritualibus-3

245 1532 317 1555 non
333 1528 447 1553 autem
464 1516 500 1550 in
520 1510 765 1559 temporalibus
784 1520 821 1543 ac
837 1507 1011 1548 civilibus3
1039 1518 1117 1540 nam
1134 1504 1299 1551 prop-:ius
1317 1502 1459 1540 effeaus
1476 1508 1857 1553 excommunicationis,

247 1571 299 1606 uti
317 1566 423 1603 modo
438 1564 589 1599 dicemus
601 1587 609 1599 ,
637 1573 706 1596 non
732 1558 867 1603 attingit
885 1554 1109 1601 temporalia,
1139 1552 1192 1589 sed
1211 1552 1408 1600 spiritualia.
1462 1555 1613 1590 Nullum
1631 1568 1742 1592 autem
1773 1557 1859 1592 mihi

251 1619 396 1654 dubium
419 1613 556 1649 moveri
591 1608 686 1657 posse
726 1608 883 1645 videtur,
937 1605 1019 1650 quin
1036 1616 1134 1649 reges
1155 1615 1371 1649 peccatores,
1430 1603 1484 1639 vel
1508 1603 1669 1639 haeretiei
1699 1605 1861 1642 declarari

249 1666 391 1716 poliint,
417 1665 484 1700 hoc
500 1661 595 1698 sensu
610 1657 762 1696 ecclesiae
780 1656 1019 1693 communione
1036 1653 1180 1699 indigni.
1233 1655 1324 1687 Nam
1343 1652 1418 1687 licet
1439 1653 1640 1689 monarchae
1650 1653 1862 1701 fintetprin-

247 1720 342 1764 cipes
352 1713 558 1761 reipublicae
568 1710 687 1750 civilis,
697 1721 732 1743 in
743 1705 918 1753 republica
933 1716 1043 1740 tamen
1054 1700 1261 1737 ecclesiastica
1275 1702 1426 1737 membra
1437 1714 1565 1739 tantum
1579 1698 1657 1738 sunt
1668 1729 1676 1745 ,
1687 1715 1718 1738 et
1728 1703 1861 1750 legibus

249 1767 363 1815 hujus,
372 1762 574 1810 reipublicae
585 1760 706 1795 debent
717 1757 968 1802 obtemperare,
981 1764 1037 1789 aut
1045 1752 1086 1787 ab
1096 1764 1134 1787 >ea
1144 1750 1312 1796 excidere5
1326 1763 1401 1786 nam
1414 1751 1563 1788 ecclesiae
1575 1753 1686 1788 nullus
1696 1752 1741 1788 est
1751 1752 1863 1789 domi-

251 1829 316 1851 nus
328 1814 442 1849 nullus
452 1810 646 1850 monarcha,
660 1807 771 1843 nullus
782 1809 816 1841 in
830 1819 866 1840 ea
877 1805 916 1840 ab
928 1804 998 1850 ejus
1008 1801 1139 1848 legibus
1153 1801 1329 1836 immunis.
1353 1800 1464 1836 Potest
1474 1814 1556 1848 ergo
1567 1801 1718 1838 absolute
1726 1800 1754 1837 is
1764 1800 1859 1849 prin-

251 1878 353 1912 ceps,
368 1864 427 1909 qui
446 1862 535 1907 leges
553 1857 679 1894 Christi
690 1870 720 1892 et
731 1855 882 1891 ecclefiae
908 1854 1030 1890 violat,
1043 1851 1173 1886 ecclesia
1189 1849 1350 1896 indignus
1360 1850 1478 1887 haberi
1491 1851 1702 1888 etdeclarari.
1729 1854 1774 1888 Et
1783 1851 1862 1891 sane

252 1914 414 1950 habemus
427 1913 462 1946 in
490 1909 630 1945 historia
655 1905 864 1943 ecclesiastica
892 1901 1044 1948 exempla
1067 1899 1229 1937 nonnulla
1255 1912 1374 1944 regum
1408 1912 1440 1936 et
1466 1902 1665 1948 principum
1685 1927 1694 1941 ,
1730 1903 1790 1946 qui
1816 1902 1858 1937 ab

251 1963 421 2010 episcopis
447 1961 511 1996 hoc
536 1958 641 1994 modo
667 1957 741 1992 sunt
765 1952 1056 1990 excommunicati.
1112 1977 1117 1995 ,ἶ
1139 1951 1191 1996 Sic
1225 1948 1406 1995 Philippus
1440 1951 1627 1997 imperator
1660 1949 1773 1986 fertur
1806 1963 1858 1987 ex.

251 2011 521 2050 communicatus
541 2020 572 2042 et
600 2005 731 2042 ecclesia
755 2002 895 2051 ejectus,
931 2002 1035 2036 donec
1059 1999 1299 2046 poenitentiam
1328 1997 1451 2044 egisset.
1509 1998 1707 2036 Athanasius
1732 1991 1861 2048 Libyae

252 2059 468 2110 praefefiium
488 2055 808 2092 excommunicavit.
837 2065 867 2087 et
884 2052 973 2086 hunc
991 2061 1173 2096 propterea
1190 2047 1327 2083 Basilius
1346 2050 1380 2082 in
1399 2048 1455 2084 sua
1467 2051 1645 2096 provincia
1655 2049 1695 2084 ad
1704 2061 1859 2085 commu-

254 2114 395 2148 nionem
414 2106 666 2144 admittendum
683 2116 752 2138 non
770 2102 830 2137 effe
846 2102 996 2137 decrevit
1015 2099 1108 2146 epist.
1128 2109 1184 2143 47.
1209 2097 1408 2133 Ambrosius
1425 2100 1618 2135 Maximum
1635 2110 1665 2133 et
1690 2097 1858 2133 Theodo-

256 2162 343 2198 fium
359 2173 377 2195 a
395 2157 638 2193 communione
659 2165 690 2188 et
706 2153 800 2187 aditu
822 2151 971 2186 ecclesiae
988 2148 1125 2196 expulit.
1176 2148 1320 2194 Joannes
1339 2145 1602 2195 Chrysostomus
1619 2146 1807 2183 Eudoxiam
1825 2160 1857 2182 a·

255 2211 328 2246 dim
336 2206 486 2244 ecclefiae
501 2200 712 2252 prohibuisse
728 2201 847 2240 fertur.
900 2194 1362 2248 Andronicum2praefefium
1377 2195 1529 2244 Synesius
1541 2197 1857 2242 excommunicarit,

252 2272 290 2297 ut
309 2258 434 2297 constat
454 2269 493 2292 ex
511 2255 583 2306 ejus
601 2252 740 2303 epistola
764 2259 820 2298 58.
875 2248 1094 2301 Symmachus
1115 2244 1323 2283 Anastafium
1343 2244 1383 2282 ab
1402 2244 1552 2294 ecclefiae
1575 2249 1743 2285 Romanae
1761 2243 1857 2282 coi-n*-

1670 2305 1806 2331 munio-
