1982 2739
274 208 378 261 '222
517 214 911 261 ,DEQANTIQUA
951 209 1242 250 ECCLESIAE
1302 209 1635 251 msciemNA

257 322 295 347 ut
306 311 509 356 sententiam
520 306 751 355 magistrorum
770 302 990 352 Parifienlium
1007 309 1137 337 teneat,
1164 302 1222 348 qui
1238 302 1352 336 melius
1362 301 1500 345 scirent,
1513 302 1595 350 quid
1612 301 1750 338 deberet
1761 304 1876 338 teneri

256 370 293 397 et
310 359 402 396 credi
419 356 534 400 infide
553 369 648 404 quam
661 355 805 402 juristae
833 364 891 389 aut
915 354 977 387 alii
1000 351 1121 384 clerici.

407 411 577 451 'rumpet
597 405 721 439 litteras
740 404 836 450 petiit
854 399 1020 448 pontifex,
1041 410 1080 434 ut
1098 399 1212 434 liceret
1223 396 1444 432 baccalaureis
1465 408 1643 445 utramque
1668 401 1873 446 opinionem

260 457 460 498 defendere,
487 455 539 489 his
557 455 699 500 acceptis
718 453 825 488 tribus
842 451 973 486 vicibus
990 460 1196 494 congregata
1210 445 1351 482 facultas
1363 448 1563 494 opinionem
1583 451 1727 496 joannis
1745 452 1876 495 impro-

261 509 357 544 bavit
378 519 409 542 ct
426 506 534 541 vetuit
553 517 625 539 eam
643 501 797 538 defendi:
851 501 979 537 Eadem
998 499 1096 534 habet
1114 501 1229 532 Petrus
1248 497 1397 532 Alliacus
1415 497 1660 533 Cameracensis
1689 500 1815 533 horum
1830 496 1879 532 fe-

261 570 299 593 re
326 557 479 592 oculatus
499 552 587 588 testis
613 565 689 587 ann.
715 555 820 594 1406.
875 553 914 584 In
941 549 1098 584 oratione
1121 547 1163 582 ad
1190 559 1320 592 regern:
1373 546 1502 590 ,Quand
1518 547 1588 583 l'on
1606 551 1718 584 truita
1738 547 1880 583 l'erreur·

261 608 408 650 fy'oannis
423 615 532 651 papae
552 601 676 636 XXII.
704 602 745 636 de
762 601 885 646 vifione
906 598 1005 633 beata
1021 610 1082 633 rex
1098 597 1285 637 Franciae,
1313 599 1373 644 qui
1392 597 1478 631 e'toit
1494 610 1537 632 αιι
1566 599 1646 632 Bois
1672 598 1714 633 de
1738 598 1880 632 Vincen-

260 669 335 693 nes‚
363 666 487 700 envoya
501 664 568 698 par
589 651 705 685 devers
723 652 754 685 la
767 647 904 696 faculte'
920 648 959 683 de
976 648 1158 696 theologie,
1186 658 1250 680 non
1276 649 1338 680 mie
1353 658 1419 692 par
1447 645 1566 680 defers
1591 645 1809 693 l'unit·erfite',
1845 654 1879 680 et

260 708 319 752 luy
337 715 464 749 envoya
496 700 562 736 t'on
583 713 600 733 a
623 701 784 734 Vicennes
801 700 833 733 la
843 696 979 744 faculte'
999 698 1220 744 vingt-neus
1235 698 1387 734 maitres,
1424 704 1457 729 et
1483 694 1756 741 t’appointement
1782 693 1879 742 qu’ils

255 753 378 796 fii-ent,
409 754 434 786 il
451 750 606 799 (executa
621 758 654 784 et
672 748 794 783 manda
812 748 877 782 lors
895 747 1027 787 Joanni
1049 757 1159 792 papae
1175 756 1230 779 22.
1259 743 1339 793 qu’il
1370 745 1408 789 se
1441 745 1625 792 ret-oqueit,
1676 757 1716 780 ou
1741 744 1821 793 qu'il
1849 746 1880 778 le

253 805 369 851 feroit
395 800 511 836 ardre.
991 813 994 815 ·

412 850 494 885 Item
513 849 661 889 Joannes
681 845 783 889 Gerso
804 844 948 888 inserm.
967 842 1008 876 de
1029 841 1112 887 festo
1128 842 1319 888 paschatis:
1343 850 1489 887 propter
1509 842 1597 888 quod
1613 843 1752 886 insuper
1777 841 1881 888 adpa.

259 910 315 937 ret
325 899 460 946 falfitas
476 897 650 932 dofr'rinae
665 905 776 940 papae
794 893 938 933 Joannis
957 890 1092 930 XXII.‚
1120 902 1204 938 quae
1221 890 1378 924 damnata
1393 893 1470 935 fuit
1490 892 1642 936 ciimsono
1664 889 1879 926 buccinarum

263 951 321 985 vel
338 948 495 984 tubarum
522 955 628 979 coram
653 954 735 989 rege
755 943 925 988 Philippo.
1490 941 1492 943 ·

413 994 606 1029 Gobelinus
625 990 880 1026 Cosmodromii
901 999 995 1024 aetat.
1026 993 1057 1023 6.
1084 999 1154 1034 cap.
1176 999 1233 1032 71.
1271 988 1420 1029 Joannes
1441 987 1565 1024 XXII.
1595 989 1758 1036 vostquam
1775 987 1886 1033 senex,

263 1046 398 1093 effeHus
417 1044 469 1090 est,
488 1042 629 1091 defipuit
646 1040 846 1088 praedicam
869 1042 995 1074 animas
1016 1040 1191 1084 leporaras
1208 1049 1272 1072 non
1296 1038 1414 1072 videre
1434 1027 1604 1083 offentiani
1623 1039 1776 1073 divinam
1800 1046 1880 1072 ante

262 1097 351 1132 diem
365 1094 514 1142 judicii,
564 1100 681 1126 contra
704 1102 796 1137 quem
828 1088 966 1124 Thomas
987 1089 1131 1123 Walleis
1155 1086 1196 1121 de
1216 1087 1336 1122 ordine
1353 1087 1627 1123 Praedicatorum
1648 1089 1685 1133 se
1712 1098 1881 1133 exponens

261 1145 408 1193 periculo
424 1151 567 1190 propter
578 1139 682 1183 fidem
705 1140 895 1174 catholicam
909 1136 1041 1185 publice
1053 1135 1292 1183 praedicavit,
1319 1139 1431 1184 itaque
1445 1146 1588 1184 propter
1605 1138 1663 1172 lioc
1678 1148 1770 1183 papa
1793 1135 1881 1182 misit

265 1207 337 1230 eum
353 1196 389 1228 in
409 1202 590 1230 carcerem,
618 1198 652 1224 et
671 1188 793 1224 ibidem
806 1190 901 1235 fame
919 1189 1085 1222 cruciatus
1102 1185 1154 1232 est.
1206 1186 1300 1232 Papa
1324 1198 1410 1221 anno
1437 1198 1492 1222 20.
1519 1186 1686 1221 Ludovici
1712 1188 1749 1220 in
1767 1193 1880 1219 extre..

263 1246 324 1279 mis
343 1241 536 1287 constitutur
552 1239 598 1274 ad
613 1239 802 1285 instantiam
820 1236 1033 1284 quorumdam
1058 1237 1237 1269 amicorum
1255 1236 1391 1280 suorum
1412 1236 1627 1280 praediHum
1652 1245 1800 1269 errorem
1825 1244 1880 1268 re·

266 1292 416 1327 vocavit.

415 1340 553 1381 Langus
570 1335 604 1369 in
622 1331 816 1368 monasterii
830 1328 1050 1367 Cistercienfis
1061 1330 1209 1365 chronic.
1241 1329 1378 1364 Thomas
1395 1329 1436 1364 de
1449 1330 1779 1376 Valaspraedicavit
1788 1332 1876 1366 Ave-

265 1393 363 1426 nione
377 1395 491 1421 contra
507 1396 629 1431 papam
647 1383 810 1424 Joannem
826 1390 970 1429 propter
986 1391 1129 1414 errorem
1155 1381 1223 1425 ejus
1243 1379 1282 1413 de
1302 1381 1458 1413 caecitate
1481 1382 1675 1414 animarum.
1735 1382 1882 1426 Ioannes

265 1447 446 1481 antequam
467 1436 630 1479 migraret
646 1443 748 1472 exuta,
768 1431 940 1473 revocavit
956 1441 1126 1468 errorem,
1155 1427 1258 1461 verba
1277 1429 1501 1462 revocationis
1519 1427 1612 1463 sunt:
1654 1430 1701 1465 Et
1716 1431 1741 1476 fi
1758 1424 1886 1476 ᾖον-[Μ’

264 1483 494 1534 inpraediflis
506 1480 728 1528 sermonibus,
755 1478 983 1514 collationibus
1002 1479 1114 1524 aliqua
1133 1477 1287 1515 diximus,
1311 1487 1395 1522 quae
1406 1478 1599 1523 scripturae
1612 1480 1731 1525 sacrae
1749 1482 1883 1527 quevil-

267 1536 359 1573 modo
378 1534 476 1581 cffent
494 1533 548 1566 vel
569 1531 771 1565 viderentur
789 1528 905 1567 obvia,
942 1538 980 1562 ea
1005 1537 1190 1560 revocamus
1216 1525 1377 1570 expreffe.

418 1584 466 1616 Ex
492 1581 543 1615 his
567 1591 598 1614 et
617 1578 708 1618 aliis,
728 1589 814 1622 quae
839 1576 905 1611 huc
928 1574 1046 1610 afferri
1065 1572 1209 1619 possent,
1228 1572 1429 1609 testimoniis
1448 1573 1574 1608 constat
1592 1577 1757 1622 Joannem
1769 1579 1878 1614 XXII.

267 1647 338 1670 non
363 1643 495 1668 tanturn
522 1631 556 1664 in
584 1639 625 1663 eo
648 1639 764 1662 errore
791 1623 891 1661 fuiffe
916 1626 1043 1660 anit-nas
1069 1621 1260 1658 sanfiorum
1283 1622 1493 1658 beatitudine
1512 1623 1886 1673 nonfruiantejudicii-

267 1685 377 1721 diem,
405 1679 459 1715 sed
478 1680 578 1713 etiam
596 1677 681 1712 nihil
702 1689 771 1711 non
781 1675 942 1711 molitum
960 1673 1032 1715 esic,
1049 1684 1088 1708 ut
1105 1685 1255 1708 errorem
1275 1670 1375 1707 istum
1395 1683 1465 1707 tota
1492 1673 1642 1715 ecclesia,
1695 1688 1733 1710 ac
1747 1677 1883 1721 praeci-

269 1746 336 1781 pue
354 1730 527 1768 Gallicana
545 1724 826 1772 amplesteretur3
853 1736 952 1769 atque
970 1723 1014 1758 ob
1035 1735 1106 1758 eam
1128 1734 1200 1757 rem
1219 1721 1347 1767 legatos
1366 1734 1382 1755 a
1403 1721 1504 1756 latere
1520 1735 1596 1758 cum
1615 1723 1736 1759 litteris
1756 1726 1882 1761 inGal-

265 1785 346 1820 liam
366 1777 499 1816 imme,
526 1788 559 1811 et
578 1777 666 1811 forte
683 1775 810 1811 multos
821 1774 938 1810 Gallos
958 1774 993 1807 in
1013 1785 1083 1808 eam
1106 1771 1299 1807 sententiam
1316 1770 1474 1812 traxisset,
1494 1771 1553 1807 nisi
1563 1771 1731 1809 facultatis
1750 1773 1883 1810 nostrae

265 1831 429 1868 autoritas
449 1825 631 1862 obstitisset.
684 1825 862 1862 Habemus
879 1836 963 1870 ergo
983 1824 1016 1858 in
1038 1822 1099 1857 isto
1117 1819 1280 1868 pontifice
1297 1821 1501 1867 exemplum,
1525 1834 1594 1867 quo
1605 1822 1779 1859 manifeste
1798 1836 1879 1870 pro-

268 1881 369 1917 batur
384 1890 507 1925 papam
526 1880 719 1912 Romanurn
742 1875 840 1911 etiam
857 1886 934 1910 cum
953 1871 1117 1909 ecclesiam
1149 1872 1271 1906 docere
1294 1871 1459 1911 intendit,
1511 1884 1661 1907 errorem
1687 1871 1782 1919 posse
1805 1885 1880 1909 tan-

273 1942 373 1977 quam
391 1928 469 1962 fidei
491 1927 616 1971 dogma
635 1936 852 1971 proponere,
880 1935 918 1958 ae
935 1921 1083 1969 proinde
1100 1921 1169 1958 ruit
1183 1922 1328 1958 Romani
1340 1919 1513 1968 pontificis
1526 1934 1565 1960 ex
1574 1921 1881 1970 cathedr-eloquen-

268 1984 330 2022 tis,
358 1979 422 2014 hoc
439 1974 503 2018 est,
531 1974 698 2012 ecclesiam
716 1974 868 2011 docentis
885 1971 1120 2010 infallibilitas.
1514 1965 1523 1972 '

1710 2312 1737 2356 §-
1763 2313 1824 2349 tv.

1979 642 1982 652 -
1974 511 1982 622 r——nA.-.>
1978 497 1982 503 .
