2022 2733
305 207 811 246 ntsSERTATmNEs
845 212 1194 252 HISTORICAE.
1245 218 1514 256 D1ssm.vn.
1611 232 1683 267 4²9

205 292 263 331 De
288 302 420 334 tentata
451 310 473 334 a
504 296 677 345 Gregorio
697 298 843 359 septimo
869 300 1011 339 Henrici
1036 306 1153 352 quarti
1177 306 1395 355 imperatoris
1422 311 1621 365 depositione

105 370 313 476 Nonum,
351 435 464 479 inquit
490 433 718 470 Bellatmiu'us
738 458 748 471 ,
782 439 966 484 exemplum
1000 440 1043 486 est
1083 442 1254 492 Gregorii
1272 450 1428 493 septimi,
1457 452 1517 497 qui
1541 450 1732 485 Henricum

101 494 260 533 quartum
288 487 524 531 imperatorem
552 483 729 529 deposuit,
757 494 790 519 et
817 487 921 521 alium
948 490 1037 537 eligi
1054 492 1170 538 jussa,
1198 495 1286 541 qnod
1313 505 1346 531 et
1365 499 1501 543 faft'um
1528 500 1581 544 eft.

253 534 473 580 Respondeo,
502 533 657 579 primum
677 532 766 567 istud
789 532 850 568 effe
868 539 1064 581 exemplum
1087 551 1228 576 tentatae
1247 557 1264 577 a
1292 545 1514 590 pontificibus
1545 545 1732 591 depositio.

101 583 154 618 nis
173 583 207 617 in
227 596 340 629 reges,
367 583 459 628 quod
481 584 571 617 velut
589 593 717 615 novum
738 591 770 614 et
787 582 980 619 inauditum
1000 588 1174 624 universus
1195 591 1288 625 orbis
1316 594 1509 635 exhorruit,
1537 606 1574 629 ut
1595 608 1613 629 a
1632 595 1730 630 nobis

97 632 287 679 probatum
307 631 352 667 est
369 633 480 678 supra.
537 633 651 673 Quare
669 629 734 665 hoc
753 631 948 676 exemplum
967 646 1036 668 non
1062 635 1152 671 secus
1169 651 1205 672 ac
1222 640 1409 684 posteriora
1429 645 1546 678 omnia
1564 644 1650 678 nihil
1671 658 1731 680 no·

99 682 152 717 bis
172 681 312 723 obsunt,
342 694 450 726 neque
469 678 671 715 adversariis
689 678 822 714 favent:
850 680 983 727 semper
1000 685 1091 720 enim
1111 686 1230 722 inillis
1252 700 1390 725 cernere
1411 690 1455 726 est
1468 719 1475 732 ‚
1504 693 1586 727 inde
1604 696 1731 728 Roma-

97 743 163 766 nos
185 729 369 778 pontifices
399 729 637 778 austoritatem
664 727 726 763 fibi
751 728 1038 775 deponendorum
1069 747 1190 780 regum
1224 739 1435 775 vindicantes
1452 765 1462 778 ‚
1505 743 1584 776 inde
1610 755 1729 789 reges,

97 782 275 828 principes
287 807 294 821 ‚
323 780 492 826 pop11103‚
518 777 644 815 imo‘et
660 777 842 824 episcopos
860 780 946 814 hanc
963 782 991 815 ei
1008 781 1249 821 austoritatcm
1267 787 1479 835 denegantes,
1498 804 1528 826 et
1546 791 1727 827 sententias

100 830 326 877 depositionis
345 831 379 863 in
403 841 499 875 reges
521 828 622 868 latas,
657 826 747 862 velut
771 827 904 863 illicitas
930 831 1169 876 repudiantes,
1208 844 1311 880 §que
1337 838 1382 873 ita
1412 839 1478 875 dici
1504 853 1575 876 non
1598 841 1728 887 potest,

96 892 214 926 perea
232 882 405 914 Romanos
426 877 605 924 pontifices
624 875 685 911 fibi
703 887 865 921 tanquam
891 879 1202 925 pet-possessionem
1225 885 1357 930 aliquid
1383 888 1468 935 juris
1493 891 1722 934 acquisivisse3

97 941 177 964 nam
195 941 232 964 ut
250 927 404 974 possessio
425 926 463 961 sit
479 927 654 972 legitima,
685 925 783 961 debet
811 928 874 961 niti
912 928 1029 974 aliquo
1066 930 1179 967 saltem
1206 934 1356 971 colorato
1385 937 1504 979 titulo,
1545 940 1726 985 bonaeque

96 977 178 1013 fidei
197 978 296 1013 debet
313 977 390 1017 effe,
420 977 511 1012 haud
532 977 734 1011 reclamante
756 977 805 1010 rei
834 976 988 1014 domino.
1043 982 1113 1016 Hic
1135 995 1217 1017 vero
1234 986 1378 1022 Romani
1397 987 1577 1033 pontifices
1606 1001 1726 1025 contra

96 1041 198 1063 omne
221 1028 274 1074 jus
293 1026 360 1061 sine
376 1026 448 1061 ullo
468 1027 568 1061 titulo
584 1038 684 1070 reges
704 1025 877 1071 deponere
895 1038 1084 1070 tentarunt,
1113 1032 1371 1070 reclamantibus
1392 1036 1526 1082 semper
1555 1050 1624 1073 non
1651 1050 1725 1073 tan-

95 1089 171 1113 tum
188 1076 267 1123 ipsis
285 1075 441 1122 regibus,
470 1075 526 1110 sed
548 1087 579 1110 et
598 1074 760 1110 universis
778 1077 919 1121 populis
938 1090 974 1112 ac
992 1078 1161 1126 episcopis
1189 1084 1291 1118 totius
1318 1085 1412 1120 orbis
1441 1086 1618 1122 adversum
1642 1088 1724 1123 istos

95 1139 239 1162 conatus
257 1125 535 1172 protestantibu53
563 1137 650 1170 ergo
678 1125 744 1160 dici
768 1137 836 1158 non
862 1125 1002 1175 possunt
1018 1153 1027 1166 ‚
1066 1142 1128 1175 per
1152 1130 1234 1166 istos
1259 1145 1403 1170 conatus
1429 1136 1632 1182 acquisivisse
1659 1136 1722 1172 sibi

95 1175 330 1224 possessionem
347 1176 432 1222 juris
451 1187 570 1220 regum
589 1174 884 1219 deponendorum.
938 1178 1069 1213 Deinde
1095 1192 1172 1214 cum
1198 1181 1272 1227 jure
1297 1183 1415 1220 divino
1440 1184 1617 1221 constituti
1640 1186 1721 1228 fint,

95 1238 128 1261 et
147 1239 165 1260 a
183 1225 254 1261 solo
271 1228 345 1260 Deo
371 1224 508 1259 illorum
527 1223 674 1269 pendeat
691 1221 873 1258 austoritas
893 1250 902 1266 ‚
931 1227 1056 1262 etiamsi
1087 1229 1264 1274 pontifices
1289 1245 1407 1269 eorum
1434 1235 1730 1280 deponendorum.

93 1274 352 1315 austeritatem⁷
380 1274 516 1308 nemine
546 1273 770 1313 reclamante,
801 1273 1032 1320 usurpassent,
1060 1279 1132 1312 imo
1161 1281 1286 1315 etiamsi
1314 1294 1385 1317 tota
1415 1285 1545 1319 ecclesia
1572 1298 1633 1330 per
1659 1288 1722 1319 im.

93 1324 249 1372 poffibile
275 1322 472 1369 hujusmodi
489 1324 541 1369 jus
562 1322 621 1356 sibi
639 1320 841 1368 arrogasset,
866 1324 1052 1368 praescribi
1069 1339 1251 1372 propterea
1270 1343 1339 1365 non
1357 1332 1468 1376 posset
1487 1333 1646 1368 adversus
1665 1346 1721 1380 jus

93 1375 249 1413 divinum
274 1385 304 1407 et
324 1371 494 1412 naturale,
523 1372 617 1415 quod
637 1371 730 1405 nulla
747 1369 853 1407 fagia,
882 1373 973 1407 nulla
992 1376 1160 1421 exempla,
1191 1377 1283 1412 nulla
1300 1379 1472 1425 possessio,
1499 1383 1553 1417 vel
1571 1395 1717 1424 mutare,

92 1425 148 1460 vel
167 1423 283 1458 tollere
300 1419 447 1468 possunt.
501 1423 619 1464 Itaque
638 1418 811 1465 possemus
829 1420 911 1456 haec
932 1423 1046 1457 omnia
1063 1426 1218 1471 exempla
1238 1428 1413 1475 Gregorio
1441 1430 1586 1476 septimo
1609 1432 1719 1478 poste-

92 1474 186 1510 riora
202 1472 492 1519 praetermittere,
521 1468 578 1502 sed
603 1469 644 1502 ad
673 1469 942 1506 confirmandam
967 1472 1115 1509 nostram
1142 1474 1358 1514 assertionem
1387 1493 1422 1514 ea
1450 1479 1653 1522 referemus,
1681 1494 1719 1516 ut

91 1523 173 1559 inde
191 1534 320 1569 pateat,
347 1517 553 1566 pontificum
570 1519 604 1551 in
633 1529 728 1561 reges
755 1530 893 1554 conatus
920 1520 1080 1562 illicitos,
1110 1524 1267 1569 iniquOS,
1314 1541 1343 1563 et
1371 1531 1569 1565 temerarios
1601 1529 1716 1571 fuisse,

92 1573 325 1610 seditionum,
364 1567 546 1612 caedium,
583 1564 770 1606 bellorum,
813 1566 1026 1604 schismatum
1054 1572 1165 1607 causas
1203 1573 1279 1610 fere
1303 1576 1438 1624 semper
1464 1578 1618 1618 extitisse,
1645 1594 1717 1615 uno

91 1621 198 1657 verbo
226 1620 376 1656 multum
404 1630 443 1652 ex
468 1617 509 1652 iis
535 1615 638 1656 mali,
665 1626 738 1651 tum
767 1617 902 1661 regnis,
930 1629 1004 1652 tum
1032 1620 1184 1657 ecclesiae
1211 1625 1395 1669 acceffisse,
1440 1628 1528 1664 nihil
1562 1642 1713 1674 unquam

96 1671 192 1709 boni.
512 1708 516 1712 .
588 1679 590 1681 ’

167 1756 173 1761 ,
223 1757 226 1761 ,
242 1721 356 1764 Atque
373 1728 410 1752 ut
426 1731 450 1756 a,
463 1715 627 1762 Gregorii
643 1713 780 1761 septimi
801 1711 894 1750 fasto
921 1717 1119 1761 ordiamur,
1146 1721 1237 1758 inter
1258 1724 1371 1770 ipsum
1389 1738 1420 1762 et
1439 1728 1629 1764 Henricum
1653 1728 1715 1762 im-

91 1781 291 1820 peratorem
308 1765 429 1803 dissidii
449 1767 544 1802 causa
560 1763 747 1805 ferebatur,
785 1765 879 1809 quod
902 1767 932 1801 is
955 1767 1135 1815 episcopos
1160 1783 1193 1806 et
1217 1773 1350 1809 abbates
1368 1800 1377 1814 ‚
1418 1779 1545 1822 partim
1579 1778 1713 1823 pretio,

90 1824 219 1869 partim
238 1820 372 1865 privata
390 1815 604 1856 ausioritate,
633 1815 727 1860 quod
745 1813 978 1851 investituram
996 1830 1137 1859 vocant,
1173 1821 1397 1859 constitueret.
1451 1829 1528 1862 Hac
1554 1827 1595 1861 de
1620 1825 1714 1861 causa

91 1872 192 1907 initio
209 1867 448 1916 pontificatus,
475 1865 669 1911 Gregorius
690 1877 767 1899 eum
796 1866 995 1908 admonuit,
1031 1881 1074 1903 ne
1100 1868 1259 1918 deinceps
1291 1874 1475 1921 largitione
1507 1887 1714 1921 corruptus,

92 1919 308 1967 episcopa-tus
329 1930 360 1951 et
379 1914 541 1951 beneficia
561 1913 751 1957 conferret,
779 1913 935 1959 alioquin
953 1915 985 1950 se
1010 1917 1045 1951 in
1071 1919 1307 1966 delinquentes
1332 1926 1456 1969 poenis
1487 1924 1712 1960 ecclesiasticis

91 1971 245 2006 usurum.
297 1966 362 2001 Sed
382 1965 551 2000 discordia
569 1977 638 2005 non
655 1965 768 2010 erupit
793 1975 870 1998 ante
888 1977 1016 2001 annum
1038 1973 1144 2012 1076,
1159 1995 1169 2008 ‚
1197 1983 1266 2015 quo
1285 1974 1475 2019 Gregorius
1492 1987 1524 2015 et
1538 1975 1712 2009 Hem-icus

89 2019 157 2056 sese
176 2029 296 2054 mutuo
315 2014 588 2051 damnationibus
605 2015 811 2060 appetivere.
865 2016 1058 2060 Imperator
1072 2022 1164 2055 enim
1184 2019 1327 2066 superba
1345 2023 1514 2069 legatione
1533 2021 1708 2069 pontificis

88 2067 320 2115 exasperatus,
349 2065 532 2100 concilium
546 2067 746 2099 Vormatiae
766 2063 907 2101 indixit,
934 2065 969 2098 in
987 2078 1054 2110 quo
1074 2068 1266 2114 Gregorius
1292 2075 1465 2108 variorum
1497 2073 1710 2118 flagitiorum

88 2117 278 2158 accusatus,
305 2114 476 2161 depositus
497 2112 560 2155 est,
587 2112 748 2157 missaque
766 2114 908 2148 Romam
932 2113 1056 2160 legatio
1080 2129 1157 2153 cum
1185 2121 1436 2157 contumeliosis
1463 2123 1600 2162 litteris,
1637 2123 1710 2166 qui-

89 2168 156 2208 bus
173 2165 451 2212 denuntiabatur,
477 2175 515 2199 ut
534 2162 568 2198 se
584 2162 780 2210 episcopatu
800 2161 977 2199 abdicaret.
1030 2168 1059 2201 E
1075 2179 1193 2204 contra
1210 2181 1292 2206 vero
1312 2174 1503 2217 Gregorius
1521 2172 1632 2206 habim
1644 2174 1708 2206 Ro.

87 2228 166 2255 mae
183 2215 332 2261 synodo,
359 2214 535 2260 episcopos
558 2213 661 2260 hujus
683 2211 865 2247 sententiae
881 2224 1017 2249 autores
1036 2222 1320 2261 excommunicat,
1356 2222 1431 2267 ipso
1459 2223 1609 2256 Henrico
1638 2233 1710 2266 reg-

91 2277 178 2313 gmm
187 2267 388 2309 Teutonum
404 2276 437 2300 et
449 2263 566 2302 ltaliae
582 2264 743 2311 abrogat,
772 2260 1173 2358 omnleIstgiilchristianos
1190 2281 1207 2304 a
1232 2271 1371 2307 vinculo
1393 2272 1578 2321 juramenti
1603 2269 1709 2327 alalble

998 2325 1015 2359 3
1596 2332 1657 2358 vit.
