2022 2733
278 200 785 256 DISSERTATIQNES
814 201 1164 243 HISTORICAE.
1216 205 1378 245 nmium
1406 208 1469 246 VI.
1573 212 1644 256 343

79 296 155 324 tum
173 288 209 323 in
226 289 439 327 adversarios
461 301 659 336 retorquere
674 289 773 327 facile
791 291 853 336 est;
883 305 1001 329 verum
1028 293 1115 336 dato,
1134 295 1227 340 quod
1246 295 1511 343 adpellationum
1535 295 1697 333 solemnis

80 338 168 374 olim
182 336 291 374 fuerit
306 339 405 381 usus,
433 339 498 374 hoc
514 353 623 375 unum
642 341 723 376 inde
742 343 910 388 probatur
928 343 1129 389 pontificem
1141 344 1353 391 superiorem
1371 345 1435 380 effe
1453 346 1594 392 singulis
1608 345 1696 393 epis-

76 388 194 433 copis,
222 399 255 423 et
273 389 443 438 synodum
462 393 651 425 Romanam
676 393 813 426 caeteris
831 393 970 442 synodis
988 394 1255 440 provincialibus
1276 397 1438 444 majorem
1450 395 1575 432 habere
1593 407 1696 444 pote.

71 434 210 480 statem,
237 439 332 483 quod
351 438 391 473 ad
407 439 620 485 propositam
638 440 867 485 quaestionem
889 457 956 478 non
982 445 1140 489 pertinet.

226 488 402 535 Objiciunt
420 490 550 534 quinto,
568 489 712 524 concilia
723 491 892 535 generalia
907 491 1005 527 fuisse
1027 492 1161 539 semper
1175 506 1360 529 convocata
1370 506 1401 529 et
1420 493 1693 538 confirmataper

72 536 255 582 pontifices
275 540 470 578 Romanos,
501 539 562 582 qui
582 551 653 572 non
672 540 779 573 modo
800 541 840 573 iis
860 540 1112 585 praesidebant,
1140 541 1195 575 sed
1213 556 1243 575 er
1262 543 1425 577 summam
1448 555 1563 577 rerum
1592 543 1628 575 in
1649 541 1693 575 il-

71 585 114 621 lis
133 587 301 626 tenebant.
358 587 460 622 Unde
476 586 520 620 fic
535 588 766 631 argumentari
783 587 928 632 possunt.
988 589 1042 622 Illi
1063 588 1141 623 sunt
1158 589 1346 635 superiores
1365 592 1511 626 concilio
1531 590 1691 637 generali,

75 647 226 680 quorum
247 636 292 670 est
310 637 465 682 primum
487 647 674 670 convocare
692 636 877 671 concilium
897 637 1068 682 generale,
1097 637 1219 672 deinde
1239 642 1266 672 ei
1287 640 1472 674 convocato
1492 639 1640 685 praeesse
1660 650 1692 674 et

72 684 192 721 consta
210 687 244 719 in
264 697 303 719 eo
322 697 387 731 pro
409 683 509 719 libito
527 685 720 726 moderari,
747 698 783 720 ac
800 685 939 721 demum
957 685 1025 721 fine
1044 699 1194 732 quorum
1218 687 1479 724 confirmatione
1495 688 1616 738 synodi
1636 688 1692 723 de-

70 744 160 769 creta
175 735 245 768 vim
265 747 332 769 non
351 733 529 775 haberent,
556 733 611 769 sed
629 733 711 770 haec
729 736 843 771 omnia
859 737 1021 772 Romanis
1040 735 1263 783 pontificibus
1283 749 1506 787 competunt,
1535 750 1619 785 ergo
1638 736 1692 774 su·

66 784 222 831 periotes
249 782 326 819 sunt
351 784 501 820 concilio
528 784 686 830 generali.
888 831 890 833 ‚

35 831 37 833 ’
217 833 440 880 Respondeo,
468 834 586 879 primo
604 833 732 869 nullam
750 833 810 870 effe
826 834 936 881 legem
954 834 1022 870 five
1038 835 1188 871 divinam
1205 862 1214 877 ‚
1241 834 1309 875 sive
1330 837 1574 873 ecclesiasticam
1586 862 1596 875 .
1623 847 1691 881 qua

69 883 168 924 irrita
189 895 222 918 et
240 884 367 921 nullius
386 883 522 919 roboris
541 881 603 918 effe
620 886 896 930 pronuncientur
916 885 1060 920 concilia
1079 886 1265 931 generalia,
1301 898 1358 922 aut
1384 888 1425 922 ab
1456 888 1533 922 aliis
1551 899 1652 932 quam
1671 897 1690 920 a

68 933 237 967 Romanis
255 931 480 979 pontificibus
500 943 701 970 convocata,
754 946 812 969 aut
829 934 955 979 quibus
974 935 1034 969 alii
1051 948 1153 980 quarn
1169 937 1317 971 Romani
1336 935 1514 983 pontifices
1534 934 1689 982 praefue-

67 982 157 1022 rint,
185 992 244 1016 aut
264 981 348 1025 ‘uuae
366 983 407 1016 ab
429 982 507 1026 ipsis
524 981 714 1029 specialiter
729 996 799 1018 non
818 981 952 1018 fuerint
970 982 1181 1021 confirmata.
1580 993 1584 997 “

218 1030 421 1077 Respondeo
446 1031 609 1068 secundo,
663 1031 743 1067 og‘co
772 1034 890 1078 priora
909 1033 1050 1068 concilia
1079 1033 1248 1078 generalia
1270 1033 1310 1068 ab
1339 1034 1604 1081 imperatoribus
1625 1032 1688 1067 effe

67 1090 251 1116 convocata
264 1106 273 1122 ,
327 1079 461 1115 nullum
496 1093 515 1114 a
559 1083 715 1116 Romano
751 1080 934 1127 pontifice,
989 1082 1153 1126 quaedam
1190 1096 1229 1117 ex
1261 1082 1302 1118 iis
1344 1085 1442 1119 etiam
1479 1084 1594 1119 invitis
1628 1093 1686 1117 aut

67 1130 307 1175 ignorantibus
335 1130 498 1164 Romanis
541 1128 784 1176 pontificibus..
839 1130 949 1165 tribus
993 1144 1075 1165 vero
1119 1132 1262 1177 primiS‚
1318 1144 1452 1168 necnon
1496 1132 1684 1169 Sardicenli

65 1180 242 1215 Romanos
286 1177 465 1225 pontifices
509 1191 578 1213 non
623 1177 804 1225 praefuisse
822 1205 831 1220 ‚
883 1178 939 1214 sed
984 1181 1069 1215 alios
1116 1181 1304 1227 episcopos,
1383 1186 1538 1219 Domum
1581 1195 1685 1226 quae-

65 1228 142 1263 dam
170 1230 313 1264 concilia
347 1227 515 1274 generalia
540 1239 611 1262 non
635 1227 735 1262 fuisse
760 1242 777 1262 a
794 1228 1018 1274 pontificibus
1037 1228 1238 1265 confirmata
1260 1242 1316 1266 aut
1335 1232 1542 1278 adprobata,
1570 1244 1605 1264 ea
1629 1244 1686 1265 ve-

64 1290 106 1322 ro
135 1290 221 1322 quae
246 1277 306 1323 ipsi
345 1276 598 1321 adprobatum,
651 1288 721 1309 nan
747 1277 794 1310 ita
822 1276 1021 1321 adprobaffe
1047 1277 1138 1321 quafi
1166 1291 1202 1312 ea
1228 1280 1363 1315 nullum
1389 1280 1457 1315 fine
1481 1279 1682 1326 hujusmodi

63 1326 314 1372 adprobatione
339 1325 448 1359 robur
466 1323 646 1363 haberent,
698 1322 754 1358 sed
775 1325 987 1360 tantumillos
1006 1325 1201 1361 consensisse
1228 1328 1282 1366 iis,
1311 1341 1396 1374 quae
1420 1342 1439 1364 a
1458 1329 1604 1365 concilio
1632 1327 1685 1363 fa.

62 1374 116 1418 sta
140 1372 275 1410 fuerant
304 1385 337 1409 et
363 1374 512 1411 decreta,
567 1373 704 1420 ejusque
726 1373 857 1420 judicio
883 1373 1070 1410 adhaefiffe.

210 1423 411 1470 Respondeo
430 1423 548 1462 tertie,
579 1421 704 1457 etiamst
721 1425 922 1459 convocatio
943 1423 1155 1473 sy'nodorum
1173 1427 1385 1472 generalium
1399 1453 1406 1467 ,
1460 1440 1575 1463 earum
1601 1439 1683 1462 con-

61 1472 212 1511 firmatio
231 1487 333 1519 atque
352 1474 386 1507 in
405 1472 485 1518 ipsis
502 1473 642 1518 wgoeSgi‘oa
661 1472 835 1508 necessario
859 1486 1065 1520 competeret
1092 1478 1246 1511 Romano
1273 1476 1450 1522 pontifici,
1504 1477 1682 1512 nihilomi-

62 1536 126 1560 uus
145 1535 257 1560 tamen
277 1536 345 1558 non
364 1533 549 1568 propterea
574 1521 755 1555 dicendum
774 1521 870 1563 fore,
897 1523 993 1558 illum
1015 1523 1230 1570 superiorem
1256 1525 1318 1561 effe
1345 1522 1489 1562 concilio
1515 1526 1678 1572 generali.

62 1575 178 1609 Primo
198 1575 288 1608 enim
308 1570 430 1606 necelse
450 1583 518 1604 non
539 1568 602 1608 est,
631 1581 668 1602 ut
692 1571 751 1612 qui
770 1582 933 1605 convocat
951 1574 1100 1616 aliquem
1118 1585 1252 1609 coetum
1268 1601 1275 1615 ,
1305 1589 1347 1611 eo
1358 1587 1581 1611 convocacato
1594 1602 1601 1613 ‚
1631 1574 1680 1610 su—

59 1624 177 1668 perior
193 1622 230 1657 fit
253 1619 410 1656 universo
431 1631 541 1655 coetu.
596 1621 670 1652 lmo
691 1631 772 1652 vero
792 1619 965 1654 ordinarie
980 1623 1039 1666 qui
1051 1634 1183 1657 coetum
1202 1625 1349 1669 aliquem
1368 1636 1548 1665 convocat,
1577 1638 1616 1659 eo
1630 1626 1677 1659 in-

60 1670 173 1707 ferior
195 1670 258 1712 est,
287 1669 424 1718 ejusque
443 1668 587 1703 decretis
608 1679 727 1713 parere
748 1668 863 1707 deber,
892 1669 1046 1713 alioquin
1063 1671 1144 1714 quid
1162 1684 1250 1716 opus
1273 1673 1348 1708 esset
1376 1687 1510 1710 coetum
1532 1687 1677 1719 congre-

59 1733 158 1767 gare,
189 1721 281 1758 idem
300 1719 367 1754 esto
386 1718 549 1766 judicium
567 1717 609 1751 de
628 1717 780 1751 concilio.
835 1718 1007 1758 Secundo,
1034 1731 1096 1754 nec
1113 1719 1238 1755 necesse
1255 1720 1300 1756 est
1317 1736 1412 1764 eum,
1442 1726 1502 1769 qui
1519 1726 1676 1768 primum

57 1772 94 1806 in
112 1770 228 1815 aliquo
246 1780 354 1808 coetu,
373 1769 487 1803 locum
506 1767 652 1803 obtinet,
682 1766 839 1801 universo
858 1779 954 1802 coetu
973 1766 1187 1814 superiorem
1202 1770 1282 1810 effe,
1310 1770 1447 1811 sufficit,
1493 1784 1530 1808 ut
1549 1772 1585 1806 sit
1605 1773 1676 1818 pri.

58 1832 134 1856 mus
155 1821 317 1854 in‘coetu
342 1829 377 1853 ut
404 1817 565 1852 debeatur
583 1815 633 1849 illi
651 1817 807 1863 πξοεδςηόι,
835 1816 986 1860 alioquin
1008 1817 1188 1853 dicendum
1210 1818 1287 1854 esset
1307 1821 1433 1856 nullam
1453 1821 1515 1856 effe
1535 1821 1676 1857 societa-

62 1879 142 1911 tem,
161 1869 256 1916 cujus
270 1867 541 1915 praefidensnon
554 1864 628 1899 esset
646 1866 798 1899 universa
819 1864 1155 1913 societatestzperior,
1182 1870 1274 1912 quod
1294 1869 1542 1906 estabsurdum.
1595 1874 1677 1907 Por.

59 1932 101 1955 ro
122 1920 155 1953 in
174 1920 327 1965 antiquis
351 1915 505 1951 conciliis
528 1916 604 1949 licet
619 1913 777 1960 praeesset
796 1928 899 1961 papa,
936 1918 1042 1951 cuivis
1069 1930 1267 1962 proponere
1294 1919 1512 1955 deliberanda
1540 1920 1673 1957 licitum

58 1980 150 2004 erat:
179 1967 233 2002 (ed
254 1979 352 2001 etiam
371 1965 392 2000 fi
412 1963 602 2011 praefidens
622 1962 695 1998 esset
718 1977 830 1999 rerum
850 1966 1078 2010 gerendarum
1104 1967 1320 2012 moderator,
1360 1983 1429 2004 nou
1456 1982 1566 2004 tamen
1596 1970 1675 2007 ellet

57 2029 241 2065 propterea
259 2016 443 2061 superioris
461 2011 670 2048 aussoritatis
690 2013 847 2048 universo
867 2026 974 2050 coetu.
1028 2017 1186 2060 Denique
1212 2029 1367 2063 ponatur
1389 2018 1570 2054 consensus
1591 2020 1672 2065 legi.

0 2067 9 2074 ’
58 2062 135 2102 timi
153 2065 327 2113 pontificis
345 2063 539 2098 necessarius
557 2063 599 2098 ad
618 2062 725 2097 robur
742 2064 888 2097 dandum
908 2063 1050 2099 decretis
1077 2063 1196 2112 synodi
1225 2068 1406 2111 generalis,
1461 2081 1530 2103 non
1558 2081 1670 2105 tamen

57 2116 136 2151 inde
148 2116 306 2160 sequitur,
326 2112 521 2160 pontificem
541 2111 604 2146 esse
622 2112 764 2147 concilio
783 2112 1014 2159 superiorem,
1041 2113 1122 2149 ficut
1140 2114 1218 2148 licet
1239 2116 1277 2150 ad
1299 2115 1495 2152 firmitatem
1522 2118 1671 2152 stum-us.

58 2165 200 2201 consulti
218 2177 275 2200 aut
301 2164 426 2198 decreti
454 2161 619 2197 facultatis
645 2164 836 2206 requiratur
859 2161 1019 2207 praesidis
1046 2163 1250 2209 subsctiprio
1277 2179 1306 2200 er
1332 2167 1446 2201 decani
1477 2168 1667 2209 conclusio,

59 2214 223 2261 nonlicet
237 2213 314 2252 inde
329 2211 457 2250 inferre
473 2211 665 2260 praesidem
684 2211 846 2248 universo
870 2212 986 2246 senatu
998 2237 1006 2253 ,
1034 2224 1066 2248 et
1082 2212 1250 2251 decanum
1274 2216 1410 2262 integra
1433 2216 1590 2252 facultate
1616 2215 1671 2254 su.

862 2264 896 2297 U
924 2274 946 2298 u
976 2273 992 2307 3
1499 2266 1614 2312 perio·
