1961 2718
253 199 329 233 ⁴44
448 175 845 228 nr‘AN‘t-rouii
894 179 1178 219 ECCLESIAE
1229 180 1561 220 mscxrmNA

361 275 492 308 Interea
511 272 552 306 de
569 271 848 307 reconciliatione
866 270 1032 307 Ludoviei
1050 269 1160 314 quarti
1175 279 1252 303 cum
1269 269 1400 315 Jonnne
1416 267 1644 306 nuseium
1663 269 1718 306 est.
1746 272 1817 306 Rex

213 322 399 359 Bohemiae
418 325 567 370 Jonnnes
585 324 668 356 Otto
691 320 760 355 dux
772 320 943 360 Austriae,
972 331 1003 354 et
1022 316 1298 363 archiepiscopus
1323 318 1554 360 Trevirenfiffi
1588 321 1746 355 articulos
1767 333 1820 354 re·

215 371 482 411 conciliationis,
509 370 550 405 de
567 370 691 414 quibus
710 381 932 411 convenerat,
959 368 1000 404 ad
1017 370 1182 416 Joannem
1193 365 1488 409 XXlI.miserunt,
1515 369 1605 412 inter
1625 381 1713 414 quos
1725 382 1823 413 quat»

216 432 271 456 tus
289 432 358 456 erat
370 445 378 461 ,
405 419 498 465 quod
516 419 769 465 recognosceret
790 417 822 454 se
839 416 997 453 exceffiss‘e
1011 442 1020 457 ,
1047 429 1078 451 et
1095 414 1271 451 sententias
1288 418 1645 453 excommunicationis
1663 419 1823 463 ipsumli-

217 468 323 516 gasse,
352 471 491 513 quintus
510 469 603 514 quod
622 469 748 514 gratiae
766 467 899 503 domini
918 479 1026 514 papae
1044 466 1076 501 ie
1093 464 1231 500 offerret
1249 465 1290 499 ad
1309 464 1592 507 misericordiam,
1626 467 1648 501 fi
1667 467 1750 502 fides
1766 467 1824 502 ad-

214 519 370 554 hibeatur
387 518 509 565 Joanni
523 520 558 552 iu
576 516 792 564 responsione
806 516 846 552 ad
866 529 981 563 regem
1005 516 1204 551 Bohemiae:
1257 514 1369 549 noluit
1392 526 1501 549 tamen
1528 515 1684 561 pontifex
1710 515 1825 563 ipsum

215 568 312 603 adire
330 567 392 601 hac
411 567 625 606 conditione,
652 566 856 601 contendens
874 567 970 601 illum
991 565 1198 600 haereticum
1217 562 1288 597 esse.
1317 563 1396 610 Ejus
1413 576 1524 599 autem
1536 565 1696 603 haeresis,
1715 578 1818 610 quam

217 617 351 663 ejurare
368 614 503 650 congius
521 614 566 649 est
584 618 704 650 Petrus
722 615 763 650 de
781 615 957 655 Corbano,
985 615 1043 658 qui
1061 624 1190 648 creatus
1202 612 1401 648 aLudovico
1419 615 1595 659 antipapa,
1623 626 1735 661 partes
1755 615 1825 661 ejus

216 664 432 702 deseruerat,
461 675 492 698 et
507 663 631 711 Joanni
649 664 884 700 reconciliatus
902 662 1030 704 fuerat,
1058 663 1137 697 haec
1155 674 1242 701 erat,
1269 661 1494 709 quodscilicet
1515 663 1763 709 pronunciabat
1791 673 1827 698 et

212 712 410 749 declarabat
427 716 502 752 fore
521 715 743 753 haereticum,
771 722 803 747 et
814 716 1007 758 scripturae
1020 713 1139 756 sacrae
1155 714 1379 752 contrarium,
1406 712 1531 751 dicere,
1569 714 1656 759 quod
1680 713 1830 759 Christus

216 772 251 798 et
265 763 397 809 apostoli
415 765 450 796 in
467 763 536 798 liis,
565 773 648 807 quae
661 761 812 806 lzabznjffe
830 763 1012 806 leguntur,
1040 759 1228 793 habuerunt
1240 760 1356 798 aliud,
1386 761 1663 806 quamfimpticrm
1674 765 1828 808 usumfa-

219 811 277 846 ἑῖί.
332 810 434 845 Paulo
450 808 526 855 post
535 809 684 842 moritur
692 810 838 854 Joannes
854 810 972 848 xxu„
988 808 1062 843 cui,
1091 818 1125 840 ut
1135 806 1239 840 refert
1257 806 1414 840 Albe-rius
1425 809 1676 851 Argentinerilis
1686 814 1720 844 in
1732 811 1828 846 chro-

218 862 314 900 nico,
343 860 397 894 cui
414 858 571 892 convenit
588 857 784 891 Nauelerus
807 868 952 901 gene-rat.
970 867 1027 898 45.
1051 855 1197 902 succeffit
1215 856 1358 889 Blancus
1376 856 1511 903 quidam
1529 857 1732 898 cardinalis,
1769 872 1827 894 no-

220 921 266 943 va
283 910 413 943 ratione
422 907 550 951 scilicet
561 904 625 949 sub
642 907 859 940 altercatione
877 906 1013 941 flebitis,
1041 916 1100 953 ego
1119 905 1164 938 N.
1189 906 1319 938 nomino
1347 907 1459 942 illum,
1496 914 1528 940 et
1541 906 1572 952 st
1597 908 1653 941 ille
1676 907 1743 953 (Ἄγε
1764 920 1832 943 non

217 958 368 1005 poterit,
394 957 523 989 nomino
542 955 712 989 Blancum.
766 957 799 989 Is
818 955 958 989 territus
977 953 1154 1000 postulatis
1171 954 1261 998 regis
1281 955 1438 987 Franciae
1455 966 1532 988 curn
1559 956 1737 991 Luduvmo
1766 956 1835 992 sese

222 1003 442 1040 reconciliare
458 1002 580 1038 statuit.
633 1003 688 1037 Ob
708 1015 779 1038 eam
800 1016 870 1038 rem
889 1003 1015 1049 legatos
1037 1001 1123 1036 misit
1146 1003 1359 1039 Ludovicus,
1388 1002 1512 1047 quibus
1531 1004 1686 1050 pontifex
1704 1005 1828 1051 fignifi-

222 1054 325 1093 cavit,
353 1063 516 1097 quantum
538 1063 674 1097 optaret
693 1052 938 1098 imperatorem
955 1050 1103 1087 ecclesiae
1120 1050 1269 1088 restitui,
1304 1063 1474 1096 quamque
1499 1053 1627 1088 doleret
1655 1055 1785 1090 Italiam
1809 1067 1829 1090 a

221 1102 374 1151 tyrannis
392 1101 474 1146 regi.
527 1104 569 1136 Et
587 1113 663 1136 cum
683 1104 772 1147 regis
789 1104 951 1136 Franciae
971 1113 1003 1136 et
1017 1101 1166 1147 Lupoldi
1183 1100 1283 1146 legati
1295 1100 1471 1141 venii-sent,
1499 1102 1830 1149 stripsiffentquetex

219 1152 405 1187 Bohemiae
420 1162 451 1185 et
467 1150 533 1185 dux
551 1152 709 1185 Bavariae
726 1151 759 1186 se
785 1152 888 1186 alium
912 1163 1025 1197 regem
1047 1154 1282 1186 Romanorum
1309 1148 1487 1186 elei-{ituros
1540 1152 1696 1188 Pontifex
1723 1167 1834 1189 muta-

220 1211 260 1236 to
275 1201 405 1240 animo,
432 1199 571 1234 reverfis
588 1200 707 1245 legatis
725 1202 867 1247 joannis
882 1201 947 1241 ait,
974 1213 1041 1247 pto
1058 1198 1267 1234 absolutione
1282 1200 1493 1245 impetranda
1510 1198 1543 1235 se
1562 1203 1595 1235 in
1616 1204 1833 1241 Ludovicum

225 1250 289 1285 effe
306 1249 394 1284 bene
413 1247 590 1289 affestum,
619 1249 672 1284 sed
690 1251 820 1290 timere,
839 1248 913 1284 nefi
932 1251 963 1283 ei
979 1248 1224 1284 absolutionem
1246 1249 1501 1294 impertiretur,
1529 1251 1645 1286 eadem
1668 1264 1733 1287 aut·
1754 1265 1830 1298 gra-

218 1301 321 1332 viora
341 1308 515 1342 pateretur
529 1310 547 1332 a
570 1310 649 1343 rege
665 1301 844 1338 Franciae,
873 1311 909 1332 ae
930 1311 1015 1341 quae
1030 1297 1141 1345 fuerat
1164 1297 1274 1343 passus
1292 1297 1490 1333 Bonifacius
1518 1298 1670 1336 offlavus.
1724 1305 1828 1336 Inter-

223 1346 273 1381 im
294 1345 461 1380 discordia
480 1347 570 1379 inter
587 1358 704 1390 regem
720 1349 897 1383 Franci-ae,
924 1347 1130 1392 Philippum
1150 1345 1336 1386 Valefium,
1361 1357 1394 1380 et
1411 1359 1525 1391 regem
1550 1349 1694 1393 Angliae
1715 1349 1755 1384 de
1781 1363 1829 1385 re-

223 1408 296 1442 gno
315 1397 477 1429 Franciae
495 1405 608 1431 mota,
657 1394 854 1429 Ludovicus
880 1394 984 1439 Angli
1008 1397 1163 1439 primum
1181 1405 1293 1440 partes
1311 1405 1445 1434 tuetur,
1471 1407 1507 1429 ac
1526 1395 1649 1431 deinde
1666 1398 1832 1446 Philippo

222 1443 474 1480 reconciliatur.
529 1443 610 1477 inde
628 1454 779 1477 oratores
797 1443 952 1488 Philippi
969 1455 1000 1476 et
1018 1443 1185 1476 Ludovici
1205 1441 1304 1476 simul
1318 1443 1442 1477 adeunt
1458 1455 1578 1488 papam
1600 1458 1666 1491 pro
1686 1450 1831 1483 reconci-

222 1494 364 1529 liatione
381 1492 560 1526 Ludovici.
614 1492 707 1533 Quid
722 1492 777 1526 hic
794 1492 908 1536 papa?
961 1491 1156 1536 Numquid,
1182 1491 1313 1533 inquit,
1349 1491 1555 1527 Ludovicum
1578 1496 1624 1529 ad
1645 1495 1833 1532 a‘r-bjtrjum

223 1545 316 1591 regis
336 1550 413 1576 tunc
428 1542 647 1577 haereticum,
676 1553 761 1574 nunc
780 1551 860 1574 vero
874 1537 1168 1585 cliri'stianzffzmum
1187 1538 1307 1572 habere
1324 1538 1480 1575 debeam?
1528 1541 1576 1576 Et
1591 1546 1764 1589 protrafio
1775 1559 1830 1581 va„

225 1595 291 1626 riis
309 1589 510 1625 tranasti-us
527 1591 661 1635 negotio
679 1588 827 1623 Francus
853 1588 905 1630 (ur
923 1587 1134 1633 credebatur)
1164 1587 1250 1634 quod
1268 1589 1392 1626 voluit,
1408 1589 1584 1635 simulavit
1594 1595 1630 1636 Je
1648 1596 1747 1634 velle,
1774 1607 1832 1641 pa.

221 1651 286 1687 pa,
340 1638 424 1685 quod
452 1638 578 1673 voluit,
621 1636 796 1683 simulavit
808 1639 845 1682 se
866 1638 970 1676 nolte,
1023 1639 1139 1684 utique
1156 1638 1243 1670 iiilzil
1257 1637 1362 1671 afium
1381 1640 1464 1682 fuit.
1517 1642 1565 1675 Ita
1584 1641 1742 1687 pontifex
1760 1644 1828 1685 ille,

224 1700 295 1722 non
312 1699 348 1721 ut
364 1687 414 1720 rei
430 1687 578 1730 aequitas
596 1684 799 1731 postulavit,
828 1685 882 1720 sed
903 1696 941 1720 ut
964 1697 1016 1719 res
1043 1684 1117 1719 iuae
1142 1685 1334 1730 exigebant,
1371 1687 1476 1723 modo
1501 1688 1588 1731 huc,
1619 1693 1724 1728 modo
1747 1693 1834 1729 illuc

218 1735 433 1772 ‚flefflebatun

369 1784 525 1828 Denique
543 1793 580 1817 ut
598 1784 684 1819 vidit
700 1783 905 1823 Ludovicus,
924 1796 994 1818 non
1010 1782 1104 1830 posse
1116 1782 1146 1818 se
1162 1781 1362 1819 beneficium
1379 1783 1601 1821 absolutionis
1625 1800 1642 1822 a
1665 1789 1834 1834 pontifice

221 1833 381 1878 consequi
394 1858 404 1870 ‚
431 1846 468 1867 ex
486 1833 645 1868 sententia
661 1834 861 1879 principum
879 1831 1099 1868 Francofurti
1114 1832 1206 1870 data,
1235 1844 1266 1867 et
1285 1833 1429 1868 concilio
1448 1833 1591 1870 fratrum
1608 1839 1782 1874 minorum
1798 1840 1836 1875 se

222 1885 441 1919 innocentem
460 1881 538 1922 effe,
567 1894 598 1916 et
614 1895 632 1916 a
649 1885 777 1929 joanne
793 1884 897 1917 XXII.
917 1883 1090 1917 immerito
1110 1882 1322 1923 damnatum,
1360 1882 1474 1918 emiss'o
1503 1885 1705 1930 diplomate,
1751 1900 1829 1924 cun-

222 1931 286 1966 ssis
305 1944 426 1966 notum
444 1929 532 1966 fecit.
587 1934 623 1965 lu
644 1945 683 1966 eo
701 1930 883 1978 profitetur
901 1931 932 1965 se
952 1930 1049 1968 fidem
1070 1930 1266 1966 catholicam
1285 1943 1315 1966 et
1335 1930 1527 1968 dossrinam
1553 1933 1683 1970 sanstae
1709 1939 1837 1973 matris*

224 1980 374 2016 ecclesiae
391 1992 518 2020 tenere,
545 1979 744 2026 potestatem
763 1980 854 2016 suam
871 1980 1084 2025 imperialem
1102 1993 1138 2015 ex
1156 1978 1317 2015 elefflone
1340 1981 1480 2023 habere,
1516 1995 1588 2018 eam
1613 1997 1631 2019 a
1652 1985 1830 2031 pontificia

220 2028 423 2065 austoritaie
441 2041 508 2063 non
525 2030 690 2073 pendere,
722 2028 773 2064 sed
793 2043 810 2063 a
829 2028 904 2065 solo
925 2032 1000 2064 Deo
1021 2029 1080 2064 fibi
1099 2030 1208 2064 datam
1228 2029 1309 2072 effe3
1363 2030 1564 2076 potestatem
1587 2034 1736 2070 ecclesiae
1756 2049 1830 2072 non

225 2079 287 2113 effe
307 2079 340 2112 in
361 2077 576 2123 temporalia3
604 2081 745 2125 Joannis
764 2080 870 2113 XXII.
885 2078 1076 2125 processum
1096 2091 1131 2113 ex
1149 2077 1237 2113 falsis
1257 2078 1378 2120 causis,
1415 2093 1444 2116 et
1465 2081 1560 2117 nullo
1584 2083 1704 2118 ordine
1721 2083 1826 2120 serva-

224 2139 262 2162 to
287 2126 433 2168 faklum,
487 2126 613 2162 nullius
640 2127 775 2163 roboris
801 2126 875 2163 effe.
926 2130 966 2162 Et
983 2128 1121 2172 quidem
1140 2125 1225 2162 istud
1247 2129 1407 2173 judicium
1427 2129 1617 2175 legitimum
1644 2145 1711 2167 non
1728 2133 1830 2170 fuisse

224 2174 378 2211 ostendit.
431 2177 564 2212 Primo,
595 2177 685 2220 quod
701 2179 848 2223 Jonnnes
870 2179 977 2213 XXII.
997 2176 1031 2213 se
1049 2175 1192 2221 suosque
1218 2178 1299 2212 odio
1316 2177 1449 2223 capitali
1474 2190 1505 2214 et
1530 2178 1641 2215 hostili
1667 2183 1831 2226 prosecu*

226 2237 278 2261 tus
296 2225 420 2265 fuerit,
451 2226 547 2272 quod
564 2227 598 2260 in
617 2225 676 2261 sua
691 2225 785 2261 causa
801 2225 903 2273 judex
919 2226 1064 2262 idoneus
1081 2223 1143 2262 effe
1164 2238 1234 2260 non
1251 2225 1369 2273 poffi15
1396 2228 1487 2272 quod
1513 2228 1571 2263 ubi
1599 2242 1697 2264 error
1724 2230 1769 2266 cst
1790 2235 1823 2268 in

1645 2276 1775 2317 seuten-
