2022 2733
290 215 799 252 nissERTATmNEs
830 216 1180 254 HISTORICAE.
1244 218 1494 254 Dtssmr.1V.
1582 228 1648 262 243

512 414 570 453 De
590 417 742 465 primatu
767 415 813 453 B.
841 415 939 452 Petri
954 415 1050 453 *inter
1076 415 1258 465 apostolos.

825 522 855 565 §-
907 524 944 558 4Ι.

164 608 288 648 Vtrum
315 616 346 648 ct
370 609 538 658 quomodo
556 610 733 659 primatus
750 607 861 659 [ανιᾶῖ
884 607 984 645 Petri
1001 607 1106 661 poffit
1131 619 1173 644 ex
1191 606 1378 658 scripirmffs
1403 609 1633 663 demonstrari.

184 712 203 746 d
232 710 530 746 demonstrandum
558 712 647 746 Petri
667 713 757 747 inter
774 710 948 758 apostolos
968 713 1174 758 primatum,
1203 712 1429 749 Bellarminus
1453 728 1484 751 et
1504 718 1561 752 alii
1582 719 1705 754 solem-

217 762 272 794 nia
314 761 479 806 quaedam
516 761 691 796 adducunt
725 761 914 808 scripturae
947 760 1163 804 testimonia3
1203 775 1239 797 ac
1272 765 1431 810 inprimis
1466 779 1589 813 urgent
1619 769 1703 803 illud

82 809 210 846 Matth.
235 815 290 848 16.
323 810 374 845 Tu
393 823 423 844 es
443 811 581 852 Petrus,
607 820 640 846 et
662 813 763 859 super
786 813 870 847 lzanc
898 820 1032 856 petram
1056 810 1237 853 aedzficlzho
1261 814 1418 859 eccltyiam
1452 828 1564 852 meam.
1618 821 1706 853 Item

43 886 49 890 -
84 859 188 895 illud:
222 859 302 895 Tibi
320 859 403 895 dabo
420 861 526 894 claves
552 863 655 909 regni
682 863 854 897 coelorum.
908 862 1007 906 Jofm·
1036 861 1096 896 ult.
1124 861 1265 907 Singula
1291 875 1354 897 nos
1381 866 1635 910 expendemus,
1669 879 1707 903 ae

87 909 210 945 deinde
228 921 439 955 quaestuum,
459 922 541 944 num
561 910 626 945 alio
645 908 746 956 anm
762 909 864 957 poffit
881 922 919 944 ex
936 909 1101 956 scriptura
1119 912 1210 945 Petri
1227 914 1396 957 primatus
1416 913 1523 950 afferi.

234 996 372 1030 Primus
390 996 504 1030 locus:
537 995 590 1030 Tu
606 1009 638 1030 es
656 998 794 1034 Petrus,
821 1006 856 1032 et
866 999 971 1042 supet·
995 998 1081 1032 hanc
1098 1007 1231 1043 petram
1255 999 1437 1040 aedificabo
1465 1002 1621 1050 ecclefiam
1646 1015 1708 1039 me-

85 1057 153 1082 am,
181 1044 221 1079 ab
241 1044 484 1092 interpretibus
505 1055 537 1078 et
556 1043 675 1079 sanfiiis
694 1045 848 1091 patribus
869 1046 959 1080 varie
976 1048 1180 1091 exponirur3
1210 1047 1285 1083 sunt
1303 1050 1395 1084 enim
1422 1064 1492 1086 non
1516 1055 1628 1097 pauci,
1646 1053 1707 1097 qui

86 1107 149 1140 per
169 1096 307 1129 Petrum
323 1095 378 1128 hie
396 1093 591 1139 intelligunt
610 1092 711 1129 fidem
728 1106 760 1129 et
778 1092 1019 1129 confeffionem
1039 1097 1146 1129 Petri:
1179 1097 1224 1130 ita
1245 1097 1402 1134 Hilarius
1429 1099 1487 1136 lib,
1510 1105 1542 1137 6.
1564 1102 1605 1136 de
1622 1103 1706 1138 Tri-

85 1145 148 1178 nit.
202 1144 314 1189 Super
330 1145 412 1178 lianc
431 1145 544 1190 igitur
563 1143 765 1191 confeffionis
779 1153 914 1190 petram
927 1144 1070 1190 ecclestae
1091 1145 1284 1187 aedificatio
1303 1147 1357 1194 est.
1411 1149 1518 1196 Greg.
1546 1151 1646 1200 Nyss'.
1671 1152 1707 1186 in
1754 1179 1758 1182 .

85 1203 190 1237 opere
208 1191 251 1226 de
267 1193 414 1226 adventu
432 1192 582 1225 domini:
607 1201 708 1237 petra
734 1204 814 1226 vero
839 1192 928 1234 fidei
954 1201 1112 1238 tanquam
1131 1195 1417 1239 fundamentum,
1444 1208 1484 1233 ut
1508 1201 1577 1246 ipse
1602 1202 1707 1237 domi-

26 1244 27 1247 ,
84 1253 148 1277 nus
163 1243 214 1275 ait
231 1241 276 1275 ad
289 1242 480 1287 principem
503 1240 720 1285 apostolorum
737 1252 749 1273 .·
783 1247 823 1273 tu
849 1251 881 1273 es
909 1241 1044 1280 Petrus,
1074 1250 1107 1274 et
1123 1243 1230 1287 super
1256 1244 1339 1278 hanc
1362 1255 1495 1290 petram
1523 1249 1707 1289 aedificabo

84 1289 242 1337 ecclesiam
261 1301 381 1324 meam:
400 1290 505 1334 super
522 1287 713 1335 cotffeffione
732 1287 892 1322 videlicet
911 1288 1052 1331 Christi,
1079 1293 1158 1338 quia
1179 1290 1336 1326 dixerat:
1365 1302 1403 1328 tu
1423 1306 1454 1328 es
1478 1297 1622 1342 Clzrzstus
1633 1299 1706 1339 fili-

31 1358 36 1367 ι
87 1352 124 1375 us
143 1340 214 1375 Dei
232 1341 392 1374 viventis.
446 1336 603 1372 Ambros.
626 1337 682 1371 lib.
706 1337 739 1372 6'.
769 1337 803 1371 in
821 1339 904 1371 Luc.
926 1347 958 1371 et
978 1338 1012 1371 in
1031 1350 1103 1384 cap.
1130 1351 1142 1371 1
1155 1351 1182 1373 1.
1204 1341 1264 1385 Ep.
1281 1340 1322 1375 ad
1341 1341 1466 1388 Ephes.
1487 1345 1595 1391 super
1613 1348 1707 1391 istam

83 1398 218 1436 petram
246 1386 428 1430 aedificabo
456 1386 611 1433 ecclesiam
631 1399 756 1432 meam‚·
783 1387 849 1422 hoc
874 1385 937 1427 est,
967 1389 1003 1422 in
1035 1389 1213 1423 catholicae
1239 1388 1328 1431 fidei
1347 1392 1542 1440 confeffione
1560 1395 1707 1439 statuam

81 1437 199 1482 fideles
217 1437 264 1472 ad
280 1440 395 1472 vitam.
425 1436 523 1471 Idem
541 1436 582 1470 de
602 1439 768 1472 Incarnat.
786 1448 813 1471 c.
834 1448 864 1480 5.
882 1449 954 1471 non
973 1437 1064 1472 enim
1084 1437 1123 1472 de
1148 1450 1245 1473 carne
1263 1441 1371 1479 Petri,
1401 1441 1465 1476 sed
1484 1442 1524 1478 de
1550 1441 1618 1478 fide
1636 1445 1708 1481 dic-

87 1499 164 1527 tum
183 1486 250 1531 est3
277 1489 356 1534 quia
376 1494 499 1533 portae
527 1488 643 1520 mortis
668 1488 701 1519 ei
724 1497 790 1519 non
810 1484 1076 1531 praevalebunt,
1113 1487 1169 1522 sed
1194 1487 1353 1525 confeffio
1376 1492 1482 1526 vincit
1512 1491 1708 1535 infernum,

88 1535 263 1584 Chrysost.
291 1537 384 1571 horn.
406 1546 459 1579 55.
491 1532 592 1579 super
615 1535 713 1569 Mart.
725 1536 834 1578 super
859 1535 943 1570 hanc
964 1545 1098 1581 petram
1129 1537 1311 1580 aedificabo
1335 1541 1492 1588 ecclesiam
1523 1555 1643 1583 meam,
1670 1545 1709 1579 id

89 1585 154 1624 est,
174 1585 293 1628 fidem,
321 1583 444 1629 supple
463 1581 582 1627 super,
612 1591 645 1617 et
666 1582 901 1629 confeffionem.
954 1583 1048 1619 Idem
1074 1585 1173 1622 habet
1190 1586 1272 1622 ibid.
1301 1588 1420 1625 homil.
1448 1597 1503 1635 83.
1528 1603 1561 1626 et
1578 1603 1651 1637 cap.
1673 1606 1706 1636 9.

90 1633 198 1679 Epist.
215 1633 256 1667 ad
273 1632 425 1672 Galatas,
453 1642 485 1666 et
501 1634 536 1665 in
554 1630 651 1667 serm.
670 1632 710 1666 de
725 1632 856 1677 poenit.
890 1631 942 1667 Tu
961 1643 993 1667 es
1009 1635 1150 1676 Petrus,
1179 1645 1212 1671 et
1229 1638 1334 1683 super
1356 1640 1440 1675 lzanc
1461 1649 1616 1688 petram:
1643 1654 1708 1678 non

92 1683 186 1718 dixit
198 1683 303 1729 super
318 1683 475 1722 Petrum,
502 1693 567 1716 non
582 1683 667 1716 enim
676 1682 782 1728 super
802 1681 978 1721 hominem,
1003 1682 1060 1726 sed
1078 1684 1183 1730 super
1201 1684 1306 1727 fidem
1332 1689 1479 1728 fundata
1502 1690 1546 1735 est
1570 1690 1706 1736 ecclefia.

87 1734 197 1767 Hunc
216 1729 349 1766 sensum
366 1729 441 1766 fuse
459 1730 602 1776 explicat
618 1730 828 1777 Augustinus
849 1727 994 1766 trastatu
1019 1743 1096 1776 123.
1116 1733 1151 1767 in
1171 1735 1358 1780 Joannem:
1385 1750 1451 1772 non
1469 1741 1566 1779 enim,
1581 1739 1708 1783 inquit.

89 1782 229 1818 «tt-Petro
245 1790 366 1827 petra,
392 1780 452 1823 led
468 1781 588 1815 Petrus
612 1791 633 1814 a
647 1789 774 1826 petra:
809 1779 884 1815 ideo
908 1782 1035 1828 quippe
1058 1784 1111 1816 ait
1139 1781 1306 1824 dominus,
1334 1786 1435 1832 super
1459 1788 1542 1822 hanc
1570 1797 1707 1834 petram

27 1827 31 1833 ’
91 1829 277 1873 aedificabo
294 1829 449 1877 ecclaefiam
466 1841 586 1870 meam,
614 1831 693 1874 quia
714 1829 841 1864 dixerat
858 1831 998 1864 Petrus:
1024 1838 1062 1865 tu
1079 1842 1111 1865 es
1128 1830 1225 1874 filius
1250 1833 1321 1868 Dei
1340 1837 1427 1871 vivi.
1478 1837 1591 1883 Super
1622 1837 1707 1872 lzane

91 1892 193 1929 ergo,
219 1879 348 1923 inquit,
372 1888 517 1925 petram,
534 1891 631 1928 quam
647 1879 810 1926 confessus
827 1879 880 1926 est,
898 1877 1080 1921 aedificabo
1099 1881 1253 1927 ecclcfiam
1271 1894 1381 1919 meam.
1409 1886 1514 1920 Petra
1529 1888 1615 1921 enim
1632 1894 1708 1921 erat

93 1929 262 1976 Chrzssus,
288 1936 349 1963 etc.
377 1940 409 1962 et
426 1927 580 1963 sermone
603 1940 655 1972 13.
673 1928 714 1963 de
730 1927 839 1963 verbis
857 1927 1005 1964 domini:
1032 1937 1071 1964 tu
1090 1941 1121 1964 es
1140 1941 1240 1977 ergo,
1268 1932 1400 1976 inquit,
1436 1934 1574 1972 Petrus,
1608 1944 1642 1970 et
1651 1936 1708 1981 su-

88 1990 156 2027 per
173 1979 256 2013 hanc
270 1986 405 2024 petram
422 1976 604 2020 aedificabo
629 1978 782 2025 ecclefi'am
812 1989 930 2020 meam3
951 1981 1057 2025 super
1081 1979 1167 2013 hanc
1188 1989 1342 2025 petram.
1361 1995 1458 2028 quam
1476 1984 1641 2030 confeffus
1660 1995 1708 2022 es,

84 2028 189 2075 super
204 2028 287 2062 hanc
302 2035 443 2073 petram,
460 2039 555 2074 quam
570 2028 771 2076 cognovzsti,
798 2027 926 2064 dicens,
952 2036 991 2062 ru
1014 2039 1046 2062 es
1065 2028 1210 2075 Christus
1221 2028 1318 2072 filius
1335 2031 1407 2066 Dei
1432 2035 1526 2074 vivi,
1552 2032 1708 2076 aedifica-

92 2076 132 2112 bo
151 2077 308 2120 ecclesiam
325 2087 443 2117 meam,
468 2075 504 2110 id
523 2075 585 2117 est,
607 2079 713 2124 super
730 2078 888 2124 meipsum
898 2075 1012 2119 filium
1028 2077 1098 2112 Dei
1124 2080 1218 2118 vivi,
1239 2080 1345 2125 super
1369 2093 1418 2116 me
1446 2082 1629 2125 aedificabo
1655 2092 1706 2122 te,

94 2127 273 2173 mnsuper
289 2134 329 2171 ιε,
341 2137 399 2162 me.
452 2127 594 2160 Aeacius
610 2127 790 2162 Melitenes
807 2128 842 2162 in
870 2125 1000 2161 Homil.
1027 2127 1061 2161 in
1082 2128 1187 2162 Conc.
1208 2127 1333 2174 Ephes.
1352 2141 1379 2165 c.
1400 2142 1433 2175 7,
1451 2144 1484 2178 p.
1505 2143 1533 2176 3.
1559 2131 1708 2166 eundem

54 2173 58 2186 ⁸
95 2172 258 2219 sequitur.
308 2175 403 2210 Haec
414 2174 520 2219 fides,
547 2175 676 2221 inquit,
702 2177 812 2224 nostra
829 2177 926 2222 [uper
941 2177 1001 2210 hoc
1017 2175 1281 2222 fundamentum
1305 2181 1430 2223 ecclesia
1455 2180 1631 2222 aedificata
1650 2179 1705 2224 esi.

98 2222 335 2269 Adstipulatur
351 2224 500 2274 Cyrillus
521 2225 615 2262 Alex.
635 2225 693 2261 lib.
712 2238 745 2269 4.
766 2226 808 2261 de
824 2226 951 2262 Trinit.
975 2235 1128 2273 petram,
1156 2226 1286 2271 inquit,
1313 2231 1456 2275 opinor,
1492 2230 1580 2264 nillil
1610 2228 1708 2263 aliud

95 2283 194 2319 quam
208 2273 420 2324 inconczgffum
435 2283 468 2312 et
482 2274 696 2324 firmifflmam
706 2276 808 2321 fidem
826 2287 956 2361 τισι-αἶς.
1006 2273 1104 2311 idem
1122 2274 1223 2311 habet
1242 2287 1324 2313 tom.
1350 2290 1402 2323 14.
1424 2279 1458 2315 in
1470 2277 1522 2315 Es.
1542 2288 1626 2363 orl-at.
1648 2289 1704 2314 11.

849 2326 885 2360 H
963 2337 981 2360 2
1503 2338 1505 2340 ·
1587 2336 1657 2364 tem
