1940 2728
281 220 356 256 4⁷2
506 211 576 248 DE
609 207 888 252 Ain-mua
913 205 1227 243 recensuit:
1253 204 1587 243 mscn’mNA

384 302 464 338 Nec
488 299 611 339 refert,
639 298 733 345 quod
750 297 921 346 apostolus
933 296 1057 333 Paulus
1075 304 1183 335 vetat,
1212 306 1253 329 ne
1270 293 1442 330 christiani
1461 308 1576 332 coram
1591 294 1760 344 judicibus
1777 294 1846 331 eth*

235 351 322 386 uicis
339 350 492 398 litigent,
519 350 575 386 sed
593 348 709 397 jubet,
735 361 774 384 ut
791 347 918 396 judices
939 359 977 382 ex
995 343 1124 382 ecclesia
1139 342 1313 389 assumant.
1367 347 1535 388 Quamvis
1553 347 1644 381 enim
1669 345 1720 380 his
1749 357 1849 391 prae-

237 402 338 447 cipue
355 401 573 448 temporibus
592 410 833 447 opportunum
852 397 993 433 omnino
1014 395 1137 435 fuerit,
1165 404 1202 429 ut
1219 392 1334 428 causae
1346 393 1604 430 christianorum
1623 408 1691 430 non
1709 406 1851 440 ageren-

238 462 295 486 tur
314 463 428 487 coram
453 450 623 499 judicibus
642 448 803 486 ethnicis,
830 460 899 482 non
928 458 1024 492 negat
1049 456 1162 481 tamen
1189 443 1331 484 Paulus,
1358 445 1441 488 quin
1460 443 1697 480 auGoritatem
1715 444 1854 478 illorum

238 500 498 547 judicandorum
515 499 675 537 habeant,
703 498 757 534 sed
774 508 907 533 tanturn
926 495 1072 532 consulit
1084 491 1292 530 christianis,
1319 503 1358 528 ut
1376 496 1495 540 potius
1515 493 1713 529 christianos
1731 493 1853 538 eligent

239 551 405 592 arbitros,
434 562 535 596 quam
552 548 644 596 apud
664 548 814 584 ethnicos
833 547 986 593 litigent,
1015 547 1094 593 quia
1111 544 1368 578 convenientius
1386 543 1474 578 istud
1493 542 1549 579 est.

386 615 490 653 Nihil
508 615 608 650 etiam
627 608 751 652 refert,
780 609 871 655 quod
884 610 918 643 in
937 607 1121 643 canonibus
1143 605 1313 651 legamus,
1341 605 1538 642 mandatum
1557 604 1618 640 effe
1635 604 1765 641 clericis
1784 616 1857 640 cau-

239 669 288 705 sas
307 665 378 703 suas
395 665 487 713 apud
509 662 709 710 episcopum
727 662 843 707 potius
862 670 979 704 agere,
1016 667 1116 701 quam
1142 654 1236 699 apud
1260 654 1373 688 civiles
1401 655 1636 700 magistratus,
1673 666 1733 689 nec
1765 655 1857 689 enim

237 729 418 766 propterea
437 724 599 759 negatur,
628 711 710 755 quin
736 709 849 744 civiles
872 706 1084 751 magistratus
1109 702 1230 748 possint
1248 715 1364 738 earum
1400 706 1636 750 cognitionem
1668 702 1856 750 suscipere,

240 768 292 804 led
313 776 445 802 tantum
461 765 687 798 admonentur
711 758 842 792 clerici,
868 767 908 787 ne
935 751 1055 788 relisto
1082 750 1235 797 episcopi
1257 750 1309 785 sui
1328 752 1457 797 judicio
1476 753 1518 788 ad
1535 753 1713 788 saecularia
1731 753 1856 800 judicia

239 817 350 852 caulas
373 814 445 849 suas
464 811 632 848 deferant,
660 817 699 841 eo
718 804 918 852 praesertim
936 813 1110 847 ternpore,
1138 812 1208 844 quo
1237 801 1463 845 imperatores
1487 801 1654 835 dederunt
1686 800 1855 847 episcopis

238 865 435 914 potestatem
458 870 572 894 earum
591 855 904 896 terminandarum,·
932 863 1051 886 verum
1072 850 1146 884 licet
1164 850 1384 894 imperatores
1404 849 1489 884 hanc
1506 848 1670 885 dediffent
1695 849 1859 896 episcopis

239 914 487 951 austorixatem,
507 920 575 943 non
593 915 778 953 propterea
796 915 905 938 tamen
916 911 1080 948 putarunt
1096 898 1237 933 clericos
1254 897 1294 932 ab
1313 899 1409 933 omni
1425 898 1688 945 reprehensione
1707 898 1861 934 civilium

239 961 498 1009 magistratuum
517 954 580 992 ess'e
602 958 787 994 immunes,
813 953 942 999 quippe
960 949 1150 985 innumeris
1171 949 1206 982 in
1224 947 1356 994 legibus
1376 948 1533 983 civilibus
1561 948 1860 996 comprehendun-

240 1026 314 1053 tur,
346 1023 376 1046 et
396 1021 508 1057 poena
533 1008 569 1042 in
595 1018 652 1041 eos
678 1004 834 1040 statuitur
853 1028 862 1043 ,
890 1001 913 1036 fi
934 1000 1020 1046 quid
1046 1010 1161 1035 contra
1179 998 1268 1044 leges
1284 998 1435 1044 egerint,
1460 1009 1516 1034 aut
1537 997 1558 1033 si
1579 997 1859 1044 tranquillitatem

241 1075 280 1100 ac
295 1073 413 1108 pacem
432 1056 636 1105 reipublicae
654 1054 874 1090 turbaverint.
992 1062 995 1063 ⁷
1533 1049 1535 1051 ·
1832 1057 1836 1062 .

389 1125 548 1168 Denique
572 1119 716 1166 quando]
730 1118 772 1154 ad
788 1115 885 1153 civile
902 1112 1052 1150 tribunal
1071 1110 1279 1148 citabantur,
1305 1109 1386 1145 huic
1404 1108 1436 1145 se
1458 1109 1566 1146 sistere
1593 1110 1795 1147 tenebantur
1819 1123 1858 1146 ex

241 1183 314 1228 lege
335 1188 454 1214 omnes
478 1185 530 1218 33.
552 1170 626 1207 cod.
649 1170 671 1205 l.
693 1181 722 1204 1.
741 1168 781 1203 de
798 1164 966 1213 episcopis
986 1175 1017 1199 et
1032 1162 1178 1202 cler1cis‚
1207 1172 1273 1205 qua
1290 1171 1491 1200 cavetur,ne
1507 1161 1548 1196 ad
1565 1172 1718 1198 extranea
1733 1160 1860 1209 judicia

241 1229 500 1279 pertrahantur,
527 1221 583 1266 [ed
604 1228 642 1256 ut
661 1217 753 1266 apud
764 1218 838 1264 suos
854 1215 986 1263 judices
1008 1212 1215 1248 ordinarios,
1244 1209 1282 1244 id
1299 1210 1340 1255 est
1353 1212 1608 1256 provinciarum
1634 1211 1795 1252 νεῦον-ιη,
1824 1212 1861 1246 in

242 1280 357 1330 quibus
374 1278 449 1312 locis
470 1273 608 1320 degunt,
624 1269 825 1317 ecclesiarum
844 1264 1037 1311 minzsteriis
1057 1259 1291 1305 obsecundent,
1320 1262 1524 1309 omniumque
1539 1269 1657 1296 contra
1670 1261 1708 1306 se
1726 1262 1862 1308 agenti-

242 1343 297 1367 um
325 1327 498 1371 excipiant
521 1321 673 1355 afliones.
726 1319 767 1352 Et
790 1315 863 1360 lege
891 1326 944 1358 37,
999 1311 1114 1348 Omnes
1139 1320 1309 1355 praeterea
1328 1310 1486 1344 virorum
1505 1308 1762 1345 clariffimomrn
1781 1320 1861 1356 pro·

244 1378 371 1413 vincias
399 1369 650 1408 moderantium
676 1365 844 1399 sententiis
863 1363 986 1406 absque
1008 1360 1076 1395 ulla
1097 1357 1274 1404 privilegii
1294 1357 1500 1393 differentia,
1530 1359 1611 1401 (qui
1631 1370 1742 1392 tamen
1762 1370 1861 1402 prae-

243 1425 353 1464 fidiali
380 1415 613 1470 'jurisdiffioni
637 1411 778 1460 subjefi'ti
802 1410 885 1456 sint)
912 1410 976 1443 five
1004 1406 1172 1452 episcopi,
1202 1404 1254 1438 vel
1280 1403 1420 1448 quilibet
1448 1404 1580 1446 clerici,
1608 1416 1666 1441 aut
1689 1405 1860 1446 monachi,

244 1488 302 1513 aut
321 1469 499 1520 cujuslibet
515 1464 722 1501 conditionis
742 1460 822 1499 fint,
857 1459 985 1505 pariter
1003 1453 1211 1500 respondere
1235 1452 1460 1488 decernimus
1809 1462 1811 1464 ’

345 1532 437 1574 Quin
464 1529 564 1563 etiam
592 1534 669 1558 cum
685 1519 854 1567 episcopis
873 1516 991 1551 forum
1009 1524 1039 1547 et
1055 1512 1218 1559 judicium
1238 1511 1271 1544 in
1291 1510 1390 1545 rebus
1409 1510 1565 1547 civilibus
1588 1511 1710 1549 habere
1728 1514 1862 1552 conces-

245 1584 321 1622 sum
339 1581 383 1616 est
397 1605 405 1617 ,
432 1579 498 1612 hoc
515 1586 552 1610 ut
571 1572 706 1608 arbitris
724 1569 843 1615 sponte
861 1563 973 1600 eleffls
986 1589 993 1602 ‚
1020 1572 1051 1597 et
1071 1560 1139 1595 fine
1154 1558 1393 1608 jurisdistione
1414 1560 1562 1596 coaffiva
1591 1562 1657 1596 illis
1677 1563 1793 1600 datum
1814 1565 1860 1599 le-

246 1648 304 1681 ge,
332 1631 352 1665 fi
380 1629 456 1674 quis
484 1624 558 1660 cod.
588 1635 614 1658 c.
638 1634 664 1657 1.
686 1620 726 1653 de
742 1615 925 1663 episcopali
942 1611 1122 1648 audienti-a.
1173 1610 1214 1644 Si
1229 1612 1286 1658 qui
1304 1621 1343 1644 ex
1361 1612 1513 1655 consensu
1529 1612 1622 1658 apud
1635 1614 1753 1658 sacrae
1771 1616 1858 1663 legis

246 1681 429 1729 antistitem
455 1677 600 1721 litigare
626 1671 816 1706 voluerint,
843 1677 910 1700 non,
936 1661 1161 1699 vetabuntur,
1184 1659 1245 1704 sed
1260 1662 1482 1705 experientur
1501 1662 1591 1695 illius
1608 1664 1645 1696 in
1663 1664 1760 1698 civili
1773 1663 1858 1699 dun-

246 1741 346 1770 taxat
379 1728 516 1773 negotio
539 1732 623 1757 more
648 1718 779 1755 arbitri
796 1717 914 1761 sponte
940 1711 1110 1757 reficientis
1135 1708 1324 1756 judicium,
1352 1709 1439 1755 quod
1458 1710 1509 1744 llis
1527 1708 1632 1756 obeffe
1646 1723 1712 1747 non
1725 1715 1858 1759 poterit

247 1795 307 1819 mc
332 1765 482 1814 debebit,
511 1784 586 1821 quos
612 1770 657 1804 ad
677 1765 847 1815 praediHi
871 1763 1053 1811 cognitoris
1078 1770 1215 1795 examen
1236 1759 1404 1802 conversas
1427 1762 1542 1804 patim
1566 1759 1731 1808 adfuiffi’,
1760 1774 1858 1809 quam

241 1836 360 1881 [ponte
387 1823 511 1870 veniffe
539 1820 733 1866 constiterit.
786 1816 855 1850 Hic
873 1823 1011 1857 quoque
1028 1808 1108 1844 facit
1129 1805 1259 1842 novella
1275 1806 1504 1841 Valentiniani
1528 1819 1556 1851 3.
1578 1809 1627 1844 tit.
1649 1822 1703 1844 12.
1724 1810 1764 1845 de
1784 1811 1856 1857 epi-

247 1878 373 1926 scopali
398 1874 536 1923 judicio.
589 1872 668 1904 Cum
694 1869 788 1902 inter
816 1866 947 1899 clericos
969 1862 1130 1908 jurgium
1148 1859 1315 1896 vertitur,
1345 1865 1378 1892 et
1396 1856 1469 1903 ipfis
1487 1857 1720 1906 litigatoribus
1737 1871 1856 1895 conve-

245 1935 316 1970 nit,
345 1926 462 1962 habeat
477 1923 639 1969 episcopus
658 1918 825 1952 licentiam
839 1909 1034 1959 judicandi,
1049 1914 1232 1954 praeeunte
1250 1914 1360 1940 tamen
1377 1907 1507 1940 vinculo
1524 1907 1753 1955 compromrffi,
1772 1909 1859 1956 quod

249 1990 283 2017 et
310 1978 350 2013 dg
369 1977 470 2013 laicis,
485 1972 513 2018 Ji
535 1970 758 2013 consentient,
786 1963 967 1998 auHor-itas
991 1958 1101 2003 nostra
1122 1956 1307 2003 permittit.
1360 1956 1475 1990 Aliter
1501 1967 1550 1991 eos
1567 1956 1699 2002 judices
1717 1957 1776 2004 effi
1794 1970 1859 1993 non

244 2031 416 2080 Patimur,
444 2022 501 2068 nist
527 2021 698 2054 voluntate
715 2014 932 2061 jurgantium
958 2007 1166 2054 interpffita,
1186 2004 1270 2049 ficut
1288 2003 1412 2039 diflum
1430 2003 1488 2050 est,
1519 2006 1705 2041 conditione
1720 2019 1859 2053 praece-

248 2080 319 2116 dat·
375 2074 538 2116 Quoniam
562 2067 681 2112 conflat
707 2065 864 2110 episcopos
890 2070 924 2095 et
945 2056 1156 2105 presbyteros
1177 2056 1298 2099 forum
1326 2053 1456 2102 legibus
1475 2067 1548 2089 ,non
1575 2054 1714 2092 habere,
1740 2067 1798 2090 nec
1817 2055 1859 2091 de

251 2131 329 2164 0152]
357 2123 452 2167 causis
474 2116 649 2165 secundum
668 2112 812 2149 Arcadii
831 2118 862 2144 et
879 2109 1031 2144 Honorii
1049 2105 1178 2140 divalia
1194 2103 1388 2148 constituta,
1417 2115 1502 2150 quae
1521 2103 1772 2148 Theodosianum
1791 2117 1859 2141 cor·

247 2191 310 2226 pus
336 2171 473 2218 ostendit
494 2176 631 2214 praeter
660 2164 860 2209 religionem
878 2158 967 2204 posse
992 2157 1201 2203 cognoscere,
1221 2151 1251 2198 fi
1272 2151 1363 2186 ambo
1381 2152 1527 2198 ejusdem
1544 2152 1641 2198 officii
1658 2154 1858 2202 litigatores

251 2229 372 2265 nolint,
391 2221 445 2256 vel
461 2220 624 2254 alteruter
643 2221 753 2261 agant
769 2208 912 2257 publicis
934 2204 1066 2256 legibus
1086 2211 1119 2239 et
1137 2204 1211 2250 lege
1229 2203 1394 2237 communi.

1754 2297 1808 2334 Ab
