1961 2718
306 195 372 234 343
524 187 593 222 DE
619 184 889 232 ANTJQVA
915 179 1198 217 ECCLESIAE
1257 178 1587 218 DISCIPLINA

255 274 416 311 societatis
434 273 539 310 civilis
557 274 622 309 hoe
639 283 765 307 munus
782 269 836 312 est,
855 280 892 304 ut
911 269 957 304 ita
968 279 1021 304 eas
1039 268 1213 304 obiervari
1229 277 1409 314 procuret,
1437 269 1530 316 quod
1555 268 1593 304 fit
1612 267 1862 316 suppliciorum

261 336 293 359 et
312 325 434 359 mortis
454 335 564 358 metu:
593 335 663 357 uno
679 321 785 356 verbo
812 317 957 366 potestas
979 317 1146 354 societatis
1166 318 1272 352 civilis
1294 318 1328 351 in
1349 328 1495 362 corpora
1513 319 1721 355 extenditur,
1760 318 1864 353 socie-

260 375 339 408 tatis
360 371 588 407 ecclesiasticae
607 369 790 406 austeritas
809 380 876 404 tota
894 367 934 403 ad
954 369 1086 403 animos
1105 365 1250 413 spectatu
1279 378 1356 400 cum
1374 378 1456 412 ergo
1473 379 1619 412 corpora
1645 370 1720 413 cogi
1737 367 1869 413 poiliut,
1916 382 1927 387 -
1949 395 1954 398 .

260 436 381 458 eorum
393 421 447 462 est,
472 423 528 466 qui
548 419 709 468 potestate
725 418 817 454 civili
833 418 1034 465 potiuntur,
1069 418 1191 452 noxios
1213 414 1388 461 suppliciis
1421 427 1452 450 et
1478 427 1586 451 morte
1609 414 1759 452 afficere.-
1812 417 1868 451 sed

259 484 338 507 cum
357 473 390 506 in
410 473 540 506 animos
560 470 646 504 nihil
667 469 809 504 omnino
827 465 927 514 poffit
944 469 994 501 vis
1006 467 1152 501 exterius
1171 465 1337 502 adhibita,
1367 464 1495 500 nullam
1512 464 1708 511 hujusmodi
1727 465 1872 511 potesta-

261 532 329 556 tem
346 521 444 555 habet
463 520 598 555 societas
616 515 845 555 ecclesiastiea,
872 528 933 550 nec
949 515 1015 550 alio
1029 515 1133 550 modo
1152 513 1453 561 peccantesavitiis
1464 526 1620 549 revocare
1631 515 1752 560 potest,
1765 527 1870 559 quam

260 568 550 604 exhortationibus
571 579 601 604 et
618 566 825 614 praeceptis,
852 564 976 610 quibus
992 565 1041 599 illi
1060 564 1080 598 fi
1100 577 1167 598 non
1181 563 1432 608 obtemperent,
1455 563 1583 598 nullam
1604 563 1702 597 aliam
1723 576 1869 609 poenam

260 620 296 654 in
315 632 372 653 eos
393 617 782 662 statuerev21e1,praeter
803 626 904 660 quam
921 614 1292 649 excommunicationis,
1311 624 1376 656 qua
1397 611 1556 646 societatev
1577 612 1726 646 ecclesiae
1753 624 1785 646 et
1801 614 1871 648 vita

262 680 398 703 aeterna
421 667 554 712 indigni
574 665 848 711 pronuntiantur.
901 664 1060 707 Denique
1078 663 1165 708 leges
1185 661 1380 697 societatum
1401 662 1554 695 civilium
1572 661 1778 706 reipublicae
1796 673 1871 696 tan-

261 728 335 751 tum
356 717 483 751 bonum
505 728 535 749 et
553 714 828 759 tranquillitatem
850 711 1052 758 respiciunt,
1081 724 1156 746 cum
1175 724 1191 745 e
1210 722 1325 745 contra
1348 709 1637 744 ecclefias'ticarum
1659 710 1771 756 legum
1792 711 1868 746 nul-

259 766 312 800 lus
327 765 362 800 fit
381 764 465 799 alius
485 763 571 804 finis,
591 776 691 809 quam
714 760 888 796 doffirinae
907 772 938 794 et
958 759 1151 806 disciplinae
1171 759 1366 793 christianae
1393 757 1597 793 sanssixatem
1625 771 1657 793 et
1685 761 1868 805 puritatem

259 815 420 849 illibatam
442 813 581 848 servare.
636 814 685 846 Ex
703 811 755 843 his
774 809 962 854 principiis,
984 820 1066 852 quae
1085 807 1324 842 evidentisiima
1337 817 1369 840 ct
1386 807 1560 841 certiflima
1580 807 1674 846 sunt,
1709 808 1871 854 sequitur,

260 861 460 910 potestatem
481 860 626 896 ecclesiae
645 869 749 894 totam
770 855 833 891 esse
854 856 1083 902 spiritualem,
1111 868 1197 900 quae
1215 855 1247 890 se
1271 858 1304 889 in
1324 855 1525 901 temporalia
1548 858 1613 890 live
1633 869 1777 901 regnum
1805 856 1872 893 five

260 912 406 947 aliorum
426 911 514 944 bona
535 910 675 944 minime
697 906 867 945 extendat,
896 906 941 940 ita
969 916 1005 940 ut
1031 917 1140 950 neque
1163 916 1258 950 reges
1283 904 1408 950 deponi
1435 904 1574 951 poffim,
1611 918 1721 949 neque
1746 907 1872 952 privati

259 961 356 995 bonis
374 960 440 993 suis
462 958 529 992 ulla
548 958 677 993 ratione
695 954 834 1002 spoliari
851 951 1049 992 aussoritate
1076 966 1166 989 mere
1184 952 1399 988 ecclesiastica.
1456 955 1558 999 Quod
1571 956 1727 998 quamvis
1741 958 1782 990 ita
1794 967 1872 1002 pet.
1920 996 1923 997 ⁷

260 1008 418 1055 spicuum
439 1006 500 1042 esse
520 1007 673 1045 videtur,
702 1017 740 1039 ut
757 1015 858 1038 nemo
876 1004 1030 1039 cordatus
1048 1004 1088 1038 de
1107 1016 1146 1038 eo
1168 1003 1320 1037 dubitare
1343 1001 1458 1048 postit,
1496 1003 1537 1037 ad
1559 1004 1795 1039 revincendam
1821 1016 1871 1040 ta-

257 1070 337 1093 men
347 1069 473 1096 eorum,
496 1056 661 1100 quialiter
679 1054 831 1094 sentiunt,
849 1053 1070 1098 pertinaciam
1096 1051 1212 1087 multis
1231 1051 1418 1086 rationibus
1437 1052 1604 1088 sacrarum
1626 1053 1817 1090 litterarum
1835 1065 1869 1089 et

257 1106 452 1142 traditionis
471 1103 661 1140 au&oritati
681 1103 804 1137 innixis
827 1099 1016 1136 ostendam:
1044 1102 1161 1147 primo
1178 1101 1374 1147 potestatem
1387 1101 1631 1136 ecclesiasticam
1651 1103 1869 1148 intempora·
1919 1129 1922 1131 Α

258 1156 303 1191 lia
323 1156 512 1191 nullatenus
532 1153 681 1189 extendi:
708 1150 856 1186 secundo
874 1150 1070 1197 potestatem
1091 1163 1211 1196 regum
1231 1150 1456 1196 temporalem
1482 1150 1708 1185 ecclesiasticae
1726 1153 1869 1187 minime

259 1205 400 1246 sub‘ici,
427 1200 483 1239 sed
503 1214 681 1248 antequam
700 1201 787 1235 ultra
805 1200 1007 1246 progrediar
1025 1200 1270 1245 praemittenda
1289 1199 1476 1234 observatio
1504 1201 1665 1244 quaedam
1692 1201 1790 1246 plane
1814 1213 1869 1234 nc-

259 1219 411 1293 cesl‘iaria,
448 1263 521 1286 tum
548 1253 588 1286 ad
615 1252 724 1286 lucem
749 1250 907 1294 opinioni
933 1248 1063 1282 nostrae
1088 1247 1326 1285 adferendam,
1355 1249 1477 1282 tumad
1501 1249 1693 1294 repelienda
1721 1249 1870 1285 adverst-

260 1303 395 1338 tiorum
412 1299 631 1346 sophismata,
671 1309 821 1342 quorum
850 1298 1007 1331 omnium
1033 1296 1179 1330 futilitas
1204 1297 1265 1330 hac
1296 1309 1362 1330 una
1388 1296 1620 1339 observatione
1639 1298 1817 1343 detegitur.

409 1389 527 1432 Itaque
556 1384 802 1421 observandum
826 1383 886 1423 est,
909 1393 1070 1426 magnum
1098 1379 1159 1415 effe
1184 1380 1363 1416 discrimen
1389 1381 1477 1417 inter
1496 1381 1600 1428 ipsam
1619 1383 1819 1429 potestatem
1841 1397 1873 1422 et

261 1450 350 1477 eum,
369 1438 427 1481 qui
448 1435 606 1482 potestate
628 1437 751 1474 utitur,
780 1436 824 1467 ita
842 1444 880 1466 ut
893 1429 964 1464 sieri
984 1429 1093 1475 polist,
1114 1441 1149 1464 ut
1167 1432 1277 1474 is,lqui
1297 1429 1458 1475 potestate
1483 1433 1608 1472 utitur,
1637 1431 1676 1466 {it
1702 1432 1868 1476 subieflus

260 1487 355 1522 alteri
378 1484 552 1531 potestati,
606 1484 758 1527 quamvis
783 1479 930 1527 potestas
949 1479 1014 1519 illa,
1035 1491 1136 1521 quam
1164 1489 1306 1518 exercet,
1360 1478 1446 1513 nulli
1468 1479 1623 1524 potestati
1644 1477 1790 1524 subiessa
1809 1483 1869 1519 fit.-

261 1536 354 1581 quod
365 1547 402 1569 ut
420 1535 460 1569 ad
478 1532 631 1579 praesens
651 1532 826 1575 negotium
846 1529 1046 1572 adaptetur,
1074 1526 1311 1561 attendendum
1330 1525 1373 1560 est
1393 1528 1549 1565 eumdem
1568 1525 1742 1566 hominem
1769 1531 1867 1568 simul

262 1585 324 1619 effe
344 1583 536 1618 membrum
555 1580 717 1615 societatis
735 1578 841 1614 civilis
861 1589 891 1612 et
910 1572 1155 1615 ecclesiasticae,
1181 1587 1218 1610 ac
1234 1575 1381 1621 proinde
1408 1574 1521 1622 ipsum
1549 1588 1678 1612 ratione
1702 1580 1866 1625 personae

262 1631 446 1679 subjeflum
467 1629 525 1664 esse
543 1627 699 1675 potestati
716 1640 788 1663 tum
809 1623 1035 1661 ecclesiasticae
1053 1635 1126 1659 tum
1151 1625 1260 1664 civili,
1288 1635 1320 1658 at
1338 1623 1416 1658 inde
1432 1626 1574 1660 minime
1593 1625 1747 1672 sequitur
1766 1641 1864 1675 pote-

261 1681 375 1718 statem
395 1680 539 1720 civilem,
561 1691 661 1723 quam
672 1677 791 1712 habere
807 1672 926 1721 potest,
947 1671 1126 1719 subja-stam
1147 1671 1209 1707 esse
1227 1672 1381 1719 potestati
1405 1673 1632 1710 ecclesiasticae
1650 1689 1706 1713 aut
1724 1678 1864 1715 viciffim

263 1729 506 1765 ecclesiasticam
531 1728 640 1768 civili,
695 1727 775 1771 quia
800 1724 920 1759 scilicet
945 1724 978 1756 in
997 1721 1151 1757 civilibus
1171 1733 1300 1757 tantum
1320 1722 1411 1756 civili
1427 1723 1602 1770 subjicitur
1622 1726 1800 1771 potestati,
1826 1729 1863 1762 in

261 1777 498 1826 spiritualibus
515 1775 752 1812 ecclesiasticae.
806 1775 859 1809 Sic
879 1771 1028 1818 episcopi
1048 1769 1187 1818 subjesti
1208 1771 1345 1815 quidem
1365 1770 1442 1807 sunt
1464 1774 1576 1818 regiae
1595 1774 1770 1820 potestati,
1805 1775 1863 1812 sed

259 1830 295 1863 in
313 1828 486 1867 civilibus,
514 1828 558 1861 ita
579 1836 614 1860 ur
634 1824 778 1872 potestas
800 1821 1039 1869 episcoporum
1060 1833 1127 1855 non
1146 1819 1183 1854 {it
1207 1818 1353 1866 subjefla
1371 1820 1522 1867 potestati
1539 1822 1648 1857 civili:
1677 1824 1766 1860 unde
1793 1838 1864 1861 non

260 1877 370 1924 potest
384 1889 439 1911 rex
456 1888 511 1910 aut
530 1877 716 1920 imperator
734 1871 914 1919 episcopos
935 1870 1135 1905 constituere
1153 1881 1207 1904 aut
1227 1869 1394 1915 deponere
1411 1871 1444 1905 vi
1468 1882 1499 1906 et
1523 1869 1724 1908 austeritate
1750 1875 1863 1920 civili;

260 1929 306 1962 ita
325 1928 414 1960 enim
436 1938 530 1970 reges
548 1922 683 1971 subjeffi
710 1922 846 1968 quidem
868 1919 943 1955 sunt
964 1919 1130 1966 episcopis
1152 1931 1187 1953 ac
1206 1917 1339 1953 summo
1357 1918 1514 1965 pontifici
1533 1932 1564 1956 et
1584 1918 1748 1968 spirituali
1767 1936 1862 1970 pote-

259 1974 329 2010 stati
343 2000 351 2012 ‚
380 1973 433 2008 sed
453 1975 487 2007 in
506 1972 740 2018 spiritualibus
759 1982 885 2006 tantum
899 1995 906 2006 ,
935 1971 977 2003 ita
993 1981 1029 2003 ut
1046 1966 1192 2014 potestas
1210 1980 1329 2002 eorum
1348 1969 1556 2015 temporalis,·
1575 1983 1674 2015 quam
1687 1971 1809 2008 habent
1826 1986 1864 2009 ut

259 2036 357 2069 reges
371 2048 379 2061 ,
407 2023 546 2056 minime
564 2020 708 2064 subiesta
727 2020 762 2055 sit
780 2018 936 2065 potestati
962 2018 1146 2064 spirituali:
1199 2017 1289 2051 unde
1316 2030 1410 2063 reges
1431 2030 1487 2053 aut
1512 2017 1639 2055 institui
1657 2032 1715 2056 aut
1731 2022 1862 2068 deponi

258 2074 400 2108 minime
419 2069 554 2116 potsunt
571 2068 770 2104 austoritate
789 2067 1015 2108 ecclesiastica,
1044 2068 1089 2102 ita
1107 2068 1259 2112 quamvis
1281 2079 1374 2110 reges
1391 2067 1550 2114 potestate
1568 2067 1731 2115 spirituali
1757 2082 1794 2105 ac
1809 2073 1861 2106 vi-

261 2121 364 2157 cislim
384 2120 560 2166 episcopos
579 2118 759 2165 temporali
778 2114 945 2163 subjestos
963 2116 1040 2155 effe,
1067 2115 1105 2150 {it
1127 2127 1215 2149 extra
1235 2115 1395 2157 dubium,
1449 2129 1516 2151 non
1542 2130 1721 2164 propterea
1748 2119 1861 2154 dicen.

259 2171 343 2207 dum
361 2169 404 2206 est
420 2167 616 2216 potestatem
633 2167 874 2206 ecclesiasticam
894 2165 1053 2215 potestati
1070 2164 1163 2203 civili
1178 2163 1237 2200 sub
1239 2162 1364 2212 jeetam
1382 2163 1464 2206 effe.
1481 2177 1539 2203 aut
1563 2167 1693 2206 civilem
1716 2168 1862 2205 ecclefi..

1695 2215 1810 2256 sticae:
