2023 2760
823 540 930 584 DE

57 775 62 780 ,
129 777 138 782 ,μ
238 597 805 742 ΑΝΤΙΘνΑ
866 663 1512 744 ECCLESIAE

63 808 1683 946 DISCIPLINA

347 983 927 1038 DISSERTATIONES
969 984 1392 1037 HISTORICAE.

527 1215 1117 1264 DISSERTATIO
1176 1220 1242 1265 H.

63 1365 120 1405 De
137 1363 259 1414 forma
278 1363 485 1412 judiciorum
511 1357 793 1410 eccltssasticorum
809 1380 819 1396 ‚
855 1353 913 1392 uhi
939 1355 978 1392 de
1004 1355 1289 1405 adpellaz‘ionibm
1322 1355 1482 1408 adversus
1514 1373 1675 1410 nuperum

496 1420 677 1470 Christiani
702 1418 795 1466 Lupi
821 1417 861 1455 de
885 1417 956 1454 illis
979 1418 1252 1457 lucubrationem.

84 1551 108 1607 ς
336 1553 339 1557 ’
566 1568 1176 1612 PRAELOQVIVM.

61 1682 136 1798 In
156 1716 250 1754 omni
267 1715 422 1752 societate
446 1714 571 1750 necesse
602 1713 647 1750 est
665 1714 796 1761 aliquos
814 1713 875 1749 effe
889 1714 1194 1751 controversiarum
1211 1715 1355 1763 judices,
1376 1728 1505 1753 necnon
1524 1719 1674 1766 aliquam

137 1766 310 1816 judicandi
330 1764 480 1800 formam
498 1766 644 1811 reperiri
663 1790 674 1803 ,
700 1769 788 1801 circa
807 1777 862 1799 res
883 1764 976 1803 inas,
1002 1776 1086 1809 quae
1104 1763 1208 1800 finem
1225 1778 1257 1801 et
1275 1766 1413 1802 salutem
1431 1767 1597 1807 societatis
1624 1785 1674 1807 τεο

66 1817 230 1864 spiciunt.
283 1818 373 1851 Cum
411 1828 495 1860 ergo
519 1814 598 1850 finis
623 1814 787 1850 societatis
813 1813 967 1850 fidelium
993 1813 1033 1849 fit
1061 1814 1132 1848 vita
1145 1826 1278 1852 aeterna
1296 1829 1359 1863 per
1381 1815 1484 1853 fidem
1510 1830 1540 1855 et
1564 1821 1673 1857 bonos

64 1879 180 1903 mores
202 1864 438 1912 adipiscenda,
465 1864 665 1910 bonumque
680 1865 771 1901 illius
795 1877 977 1900 commune
1004 1863 1042 1899 fit
1068 1862 1278 1900 conservatio
1303 1865 1384 1901 fidei
1408 1878 1440 1901 et
1471 1869 1675 1916 integritatis

64 1928 204 1953 morum
229 1917 265 1951 in
289 1914 430 1961 fingulis
446 1914 601 1950 ecclesiae
616 1914 798 1953 membris,
824 1914 914 1949 haud
931 1912 1094 1954 dubium,
1116 1914 1201 1959 quin
1223 1915 1354 1951 ecclefia
1373 1913 1453 1952 suos
1473 1917 1596 1955 habere
1616 1921 1674 1957 de.

66 1966 141 2002 beat
160 1965 307 2014 judices,
336 1966 395 2010 qui
420 1964 460 1999 de
479 1964 534 1999 his
550 1963 713 2006 statuant,
741 1977 802 2000 nec
828 1977 896 2000 non
921 1963 1109 2010 legitimam
1137 1976 1174 1999 ac
1199 1975 1327 2000 certam
1354 1965 1396 2000 de
1421 1966 1474 2002 his
1499 1968 1674 2014 judicandi

66 2015 228 2052 formam.
281 2015 372 2050 illud
398 2026 505 2060 porro
523 2015 612 2050 inter
630 2027 748 2051 omnes
768 2013 895 2051 constat
908 2026 987 2054 ‚eos
998 2011 1062 2048 effe
1078 2014 1114 2048 in
1141 2013 1271 2050 ecclesia
1294 2016 1603 2056 controversiarum
1620 2022 1673 2068 ju-

68 2066 177 2106 dices,
205 2065 266 2110 qui
284 2062 482 2099 christianos
500 2066 535 2099 in
553 2063 619 2099 fide
634 2077 665 2100 et
680 2066 836 2101 moribus
857 2063 1055 2101 instituunt,
1082 2063 1198 2108 quales
1212 2063 1357 2100 fuerunt
1382 2066 1524 2113 apostoli
1550 2081 1581 2105 et
1598 2070 1674 2116 post

68 2114 256 2161 apostolos,
284 2113 435 2161 episcopi
460 2125 491 2150 et
513 2113 662 2161 pastores
679 2141 688 2157 ,
717 2116 777 2161 qui
803 2115 923 2161 finguli
940 2114 975 2149 in
1002 2111 1163 2155 ecclefiis,
1190 2114 1315 2159 quibus
1342 2118 1523 2162 praesunt,
1548 2119 1676 2167 judices

71 2164 139 2202 dici
162 2162 314 2213 possunt.
366 2166 401 2201 si
415 2177 498 2202 vero
515 2164 629 2211 aliqua
648 2167 790 2212 gravior
808 2162 958 2212 quaestio
983 2163 1024 2201 fit
1040 2175 1171 2207 exorta,
1198 2176 1280 2202 tunc
1303 2166 1339 2202 in
1363 2179 1472 2205 unum
1495 2171 1677 2206 convenire

902 2266 931 2300 Κ
958 2275 976 2298 2
1483 2263 1623 2310 debent,
