2022 2733
338 187 776 224 DISSERTATION
792 188 847 224 Es
875 187 1221 240 HISTORVICAE.
1259 194 1417 234 nzssm.
1443 200 1505 235 VI.
1612 213 1677 248 33¹

92 284 165 311 vter
181 286 238 310 eos
257 275 538 317 controversum,
565 286 683 312 utrum
701 276 875 323 expediret
889 288 964 314 ante
989 276 1273 321 reformationem
1295 285 1494 330 pontificem
1520 288 1646 337 eligere
1690 309 1733 332 an

51 336 55 340 ·
109 337 193 360 vero
213 325 284 372 ejus
302 324 420 361 elestio
443 326 683 362 reformationi
700 326 778 362 esset
797 326 1043 374 postponenda.
1095 334 1144 367 Ac
1169 332 1344 370 noviffime
1369 338 1456 372 inter
1480 351 1594 385 partes
1615 319 1734 380 colive.

105 373 201 412 niile,
229 387 267 410 ut
284 375 441 423 pontifex
460 376 642 422 eligeretur
661 388 699 411 ea
723 378 945 420 conditione,
991 392 1029 415 ut
1053 382 1151 428 prius
1177 383 1311 419 decreto
1339 385 1548 432 obligaretur
1569 404 1633 427 una
1651 406 1729 432 cum

85 424 255 461 ·coneilio
275 425 444 461 ecclefiam
463 427 497 460 iu
518 428 627 472 capite
650 437 682 461 et
699 428 792 461 curia
806 430 961 463 Romana
976 429 1186 470 reformare,
1214 445 1345 469 necnon
1371 438 1533 475 articulos
1560 441 1728 479 reforma-

106 476 211 509 tionis
232 475 294 521 ipsi
311 489 329 510 a
348 475 479 523 synodo
497 475 725 522 praescriptos
744 475 940 515 observare,
968 491 1010 513 an
1029 479 1153 524 quaeso
1175 480 1235 518 ista
1259 484 1425 529 probant,
1466 491 1650 527 concilium
1670 493 1728 528 de-

101 524 233 570 rogaffe
251 526 310 565 iis,
339 538 426 569 quae
444 524 602 560 statuerat
620 524 662 558 de
678 526 858 559 autoritate
870 528 1006 561 concilii
1021 529 1062 562 ad
1082 529 1363 568 reformationem
1383 536 1561 572 ecclesiae?
1587 543 1640 575 An
1658 554 1727 578 non

101 577 222 620 potius
243 574 442 614 ostendunt,
470 575 513 608 iis
530 573 714 619 concilium
730 571 865 618 semper
880 573 1084 610 adhaefiffe?
1113 580 1235 614 Unum
1256 592 1367 616 tamen
1386 594 1418 619 et
1441 585 1586 623 alterurn
1603 590 1723 628 verbu-

103 623 177 659 lum
194 636 232 659 ex
247 622 306 658 ista
321 621 565 670 protestattone
583 633 615 657 et
630 621 814 657 concordia
831 620 929 657 nobis
949 623 1068 671 objicit
1083 626 1340 671 Schelestratus,
1369 633 1462 676 quod
1480 648 1549 671 non
1577 637 1622 673 est
1649 653 1723 676 om-

103 674 187 708 nino
204 671 368 708 intastum
384 671 744 719 praetermittendum,
761 672 867 718 ‘prius
885 671 931 707 est
948 673 984 707 in
1002 674 1244 720 protestatione
1260 678 1347 714 istud
1375 681 1509 725 haberi,
1536 687 1616 722 licet
1642 691 1724 736 affe-

100 725 189 757 ratis
198 721 272 769 fine
289 722 396 769 vestro
416 723 566 768 consensu
592 731 626 757 et
645 721 864 757 ordinatione
881 725 1014 758 concilii
1022 725 1130 772 super
1151 727 1264 769 modo,
1285 732 1424 775 forma,
1459 735 1524 769 loco
1540 761 1548 776 ,
1575 745 1724 786 tempore

76 787 80 792 ·
97 781 133 807 et
150 775 296 807 materia
315 772 361 806 ad
379 771 503 806 diHam
521 773 710 807 clemonem
730 783 797 807 non
809 771 896 818 peste
908 775 1053 818 procedi
1070 774 1272 818 obstantibus
1291 779 1487 827 quibusdam
1503 785 1603 832 hujus
1620 792 1722 823 conci-

99 822 142 856 lii
166 822 324 859 decretis,
351 820 472 869 quibus
490 834 547 856 nos
564 822 770 868 Hispania,
799 821 926 868 etiamsi
956 824 1042 858 alias
1060 824 1178 859 valida
1203 828 1400 873 existerent,
1427 844 1492 869 non
1524 836 1711 884 ligaremur

95 871 203 905 Unde
224 870 325 906 vellet
341 869 466 906 inferri
482 870 739 911 Schelestratus,
768 868 897 906 decreta
919 873 1020 917 prius
1034 872 1124 909 edita
1137 873 1179 910 de
1196 879 1378 915 autoritate
1402 882 1538 919 concilii
1554 885 1596 920 ad
1613 866 1722 924 refer:

77 946 79 948 -
97 921 284 957 mationem
301 920 452 955 ecclesiae
470 933 540 956 non
561 919 625 954 effe
650 920 771 955 valida.

247 969 414 1006 Posterius
431 969 527 1005 estin
544 969 770 1005 instrumento
797 970 996 1006 concordiae
1015 995 1023 1011 ,
1068 970 1130 1007 ubi
1162 973 1338 1013 inducitur
1366 980 1457 1015 natio
1490 982 1704 1023 Germanica

94 1018 183 1054 hanc
198 1020 364 1054 rationem
382 1019 546 1060 reddens,
572 1031 635 1054 cur
652 1017 771 1054 elestio
790 1017 828 1054 fit
849 1018 1088 1065 postponenda
1110 1021 1366 1068 reformationi,
1396 1030 1489 1074 quod
1512 1031 1638 1070 scilicet
1658 1013 1720 1082 pa:

92 1079 143 1116 pa
169 1069 288 1103 eleHus
311 1070 422 1116 ligari
439 1080 501 1102 non
515 1068 622 1115 poffit.
676 1068 781 1103 Unde
809 1069 1026 1105 concluditur
1042 1095 1052 1111 ‚
1086 1069 1282 1109 existimasse
1309 1079 1492 1121 nationes,
1529 1085 1715 1122 concilium

96 1129 170 1154 non
187 1116 281 1164 poss'e
299 1117 455 1163 legitimo
480 1129 589 1162 papae
604 1117 697 1163 leges
717 1117 807 1152 dare.

246 1166 471 1213 Respondem
497 1167 583 1202 levia
601 1165 663 1202 effe
678 1168 823 1202 omnino
842 1167 923 1202 haec
945 1177 1137 1208 momenta,
1179 1172 1333 1217 prImum
1361 1176 1501 1221 quidem
1517 1204 1526 1218 ,
1545 1183 1625 1226 quia
1647 1197 1716 1221 non

94 1216 290 1262 loquuntur
306 1218 455 1252 nationes
472 1216 513 1250 de
532 1216 676 1250 decretis
693 1216 733 1250 de
751 1217 933 1252 autoritate
960 1217 1095 1252 concilii
1126 1219 1169 1254 ad
1192 1220 1477 1262 reformationem
1503 1232 1654 1268 ecclesiae
1677 1237 1713 1270 in

94 1269 205 1313 capite
224 1277 255 1302 et
271 1268 306 1301 in
331 1265 511 1303 membris,
540 1263 594 1298 {ed
611 1265 652 1298 de
670 1263 831 1304 decretis,
858 1264 983 1309 quibus
999 1266 1191 1309 cavebatur,
1211 1282 1253 1304 ne
1268 1274 1425 1316 pontifex
1440 1275 1536 1313 fieret
1552 1279 1620 1315 fine
1636 1295 1717 1318 con-

95 1315 193 1351 sensu
210 1313 347 1350 concilii
364 1323 396 1347 et
413 1325 453 1348 eo
468 1311 578 1348 modo
601 1324 637 1347 ac
654 1322 812 1358 tempore
826 1337 836 1353 ,
863 1325 934 1357 quo
952 1315 1136 1350 concilium
1159 1318 1417 1362 praescriberet.
1471 1328 1602 1364 Deinde
1625 1330 1713 1368 istud

92 1365 219 1400 dicitur
236 1374 368 1399 tantum
386 1363 523 1397 nomine
541 1361 746 1408 Hispanicae
763 1363 931 1402 nationis,
959 1374 1042 1407 quae
1064 1366 1143 1409 quia
1158 1366 1293 1404 favebat
1312 1371 1496 1410 Benedisto
1515 1378 1639 1415 XXIII.
1658 1380 1715 1417 seu

69 1428 75 1443 .'
90 1417 194 1450 Petro
218 1415 259 1449 de
276 1416 391 1453 Luna,
418 1413 500 1446 haec
517 1412 551 1446 in
572 1411 642 1458 ejus
661 1413 804 1457 gratiam
819 1411 1055 1458 protestationi
1073 1417 1190 1460 potuit
1209 1417 1369 1457 inserere.
1421 1426 1579 1471 Denique
1595 1441 1715 1475 prote-

71 1480 73 1482 ·
89 1462 243 1500 stationis
259 1461 458 1510 hujusmodi
477 1460 576 1495 nulla.
590 1460 635 1495 est
652 1463 833 1502 autoritas,
860 1473 938 1497 cum
955 1461 1160 1508 praesertim
1174 1479 1226 1502 res
1246 1469 1281 1503 in
1304 1469 1435 1517 synodo
1463 1476 1576 1520 postea
1608 1476 1714 1517 fuerit

90 1513 229 1549 definita
237 1526 251 1558 ‚-
278 1512 374 1553 adde,
391 1510 485 1556 quod
505 1508 564 1555 {pss
582 1508 729 1554 Hispani
751 1509 886 1546 decreto
904 1512 1040 1547 concilii
1058 1526 1267 1560 paruerunt,
1293 1531 1326 1555 et
1342 1520 1542 1561 ele-{tionem
1569 1528 1712 1574 pontifi.

73 1579 76 1582 >
93 1564 142 1599 eis
158 1575 235 1599 curn
253 1562 421 1608 deputatis
439 1572 458 1594 a
473 1557 608 1606 synodo
623 1556 698 1593 fieri
723 1559 964 1595 concesserunt.

240 1610 294 1646 Ad
310 1610 451 1645 alterum
468 1618 682 1643 momentum
699 1604 808 1642 facilis
831 1621 970 1654 quoque
987 1611 1032 1646 est
1048 1612 1243 1660 responsio,
1270 1631 1339 1654 non
1362 1618 1458 1659 fuisl'e
1490 1637 1637 1662 mentem
1657 1627 1707 1676 sy.

92 1661 177 1698 nodi
197 1672 320 1707 papam
340 1660 441 1705 ligari
458 1670 528 1693 non
545 1656 636 1704 posse
654 1670 715 1702 per
732 1657 860 1692 decreta
875 1657 1018 1705 synodi,
1047 1661 1103 1697 sed
1120 1666 1237 1701 induci
1256 1679 1386 1706 tantum
1407 1673 1600 1711 Germanos
1618 1677 1706 1713 hanc

91 1714 259 1759 rationem
276 1708 452 1744 afferentes
467 1707 508 1742 ad
529 1706 839 1753 procrastinandam
866 1708 936 1754 ejus
959 1709 1180 1752 elz-&ionem
1206 1728 1276 1751 non
1303 1722 1398 1763 quod
1427 1735 1465 1757 re
1489 1736 1567 1760 vera
1593 1727 1706 1761 erede-

93 1772 189 1799 rent,
216 1771 340 1806 papam
359 1758 458 1804 ligari
479 1770 548 1792 non
567 1754 668 1802 ¹posse
693 1757 832 1792 decretis
859 1757 1015 1799 concilii,
1049 1759 1107 1795 fed
1134 1765 1215 1808 quia
1239 1767 1419 1808 timebant,
1462 1786 1502 1807 ne
1525 1774 1580 1808 ille
1603 1774 1706 1812 semel

90 1808 216 1847 elestus
235 1806 518 1844 reformationem
535 1806 604 1852 pati
619 1817 678 1841 aut
693 1803 802 1859 facere
819 1819 889 1842 non
906 1807 1021 1854 posset,
1074 1814 1190 1855 Quare
1208 1815 1407 1861 priusquam
1423 1821 1606 1859 eliveretur
1650 1826 1705 1860 de-

88 1871 240 1900 cretum,
267 1869 305 1894 ut
323 1858 490 1898 diximus,
518 1857 558 1891 de
581 1854 825 1891 reformatione
843 1869 904 1902 per
919 1858 1098 1896 concilium
1123 1860 1275 1899 facienda
1300 1867 1453 1906 emissum
1468 1851 1540 1907 nest·
1596 1850 1702 1917 duod

91 1913 127 1949 in
145 1908 227 1945 attis
245 1908 447 1944 authenticis
465 1906 600 1941 concilii
617 1907 662 1940 ita
679 1906 819 1941 habetur
839 1905 978 1942 seffione
993 1919 1050 1951 40.
1101 1911 1202 1947 Sacro
1219 1915 1338 1957 sanc'i‘a
1359 1922 1535 1966 generalis
1555 1923 1703 1970 synodus

86 1957 344 2006 ‚Constantienfis
363 1960 400 1992 in
409 1957 542 2003 spiritu
551 1956 668 2001 sanHo
685 1954 837 2004 legitime
854 1968 1063 2006 congregata
1081 1963 1306 2007 universalem
1333 1969 1490 2013 ecclefiam
1514 1974 1707 2018 repratferx-
1727 1982 1729 1984 ’

91 2019 168 2046 rans
175 2009 299 2056 statuit
314 2015 348 2042 et
365 2007 530 2043 decernit,
556 2005 643 2053 quod
651 2007 799 2052 futurus
817 2007 980 2041 Romanus
993 2012 1155 2056 pontifex
1168 2023 1232 2057 per
1247 2013 1319 2048 Dei
1339 2021 1495 2064 gratiam
1528 2021 1569 2055 de
1585 2025 1703 2068 proxi-

67 2080 70 2083 ‹
89 2072 140 2095 mo
167 2056 375 2105 affumendus
392 2068 459 2091 cum
473 2057 531 2100 hoc
542 2057 637 2100 sacro
657 2057 791 2090 concilio
808 2056 862 2089 vel
879 2054 1088 2102 deputandis
1103 2071 1168 2105 per
1179 2060 1329 2110 singulas
1345 2070 1496 2103 nationes
1513 2069 1632 2107 debeat
1648 2084 1703 2107 re-

67 2121 72 2126 ·
88 2112 244 2158 formare
261 2106 413 2151 ecclefiam
430 2108 468 2153 in
482 2107 593 2151 capite
611 2112 643 2139 et
658 2107 696 2139 in
713 2104 861 2140 membris
881 2113 914 2139 et
938 2109 1064 2142 curiam
1081 2109 1285 2153 Romanam,
1310 2122 1368 2149 etc.

93 2164 97 2168 ⁴
244 2158 419 2191 Caeterum
435 2152 662 2201 approbatum
680 2151 743 2187 effe
758 2167 776 2189 a
794 2153 955 2189 Romanis
970 2155 1193 2201 pontificibus
1212 2150 1385 2198 decretu'm
1403 2163 1550 2201 seffionis
1567 2179 1600 2209 4.
1621 2180 1652 2205 et
1667 2181 1698 2213 ς.

91 2205 242 2242 dubitari
260 2217 330 2240 non
347 2203 475 2251 potest,
503 2204 585 2248 quin
603 2202 644 2237 de
661 2203 821 2239 omnibus
842 2215 980 2248 quoque
997 2203 1077 2240 astis
1095 2208 1231 2244 concilii
1255 2211 1448 2254 dubitetur,
1476 2228 1554 2251 nam
1580 2219 1697 2262 primo

95 2259 241 2305 Joannes
259 2257 384 2292 xxm.
410 2253 483 2301 ipse
506 2263 545 2288 ut
570 2251 714 2290 habetur
736 2251 875 2289 seffione
902 2266 953 2288 12.
983 2255 1118 2301 concilii
1139 2257 1320 2298 declaravit
1335 2274 1436 2309 atque
1452 2265 1624 2313 professus
1642 2268 1696 2310 est,

894 2305 929 2337 T
956 2314 969 2338 t
997 2316 1015 2337 2
1544 2318 1647 2364 syno-
