1961 2718
302 204 370 242 '³90
496 194 569 230 niz
621 194 899 239 ANTIQUA
933 189 1223 227 ecctsssm:
1275 191 1610 227 oiseirmNA

995 280 1021 321 §.
1076 279 1130 313 11.

531 371 574 408 In
599 383 665 419 quo
692 367 885 416 refutantur
917 367 1066 404 rationes
1090 373 1120 404 et
1145 365 1346 403 induffiones
1371 364 1579 404 Bellurmini.

251 458 490 563 Quantum
514 471 786 507 adversariorum
815 470 935 516 opinio
961 469 1150 505 rationibus
1178 481 1255 503 vere
1281 468 1480 514 theologicis
1510 468 1664 504 destituta
1688 467 1748 507 sit,
1775 480 1813 503 ex
1829 479 1871 504 eo

374 523 497 567 liquet,
526 521 619 566 quod
641 519 863 556 Bellarminus
896 521 929 553 in
950 519 1206 566 comprobanda
1220 520 1405 562 ,autoritate
1429 519 1607 564 temporali
1626 517 1799 565 pontificis
1819 515 1871 553 so-

251 572 294 607 lis
317 571 507 606 rationibus
525 572 621 605 usum
642 569 672 604 se
698 570 803 607 dieat,
834 581 903 602 non
924 566 1121 614 scripturis,
1148 568 1313 604 conciliis,
1340 567 1505 614 patribuS,
1535 568 1628 613 quod
1648 569 1688 603 iis
1706 568 1772 616 jam
1792 566 1871 603 usuc

252 620 330 656 esset
349 622 382 655 in
403 619 570 665 spirituali
589 621 739 664 primatu
758 616 950 662 probando,
977 631 1046 663 quo
1067 618 1231 664 probato,
1261 616 1361 651 facile
1380 615 1442 651 erse
1459 617 1685 652 arbitrabatur
1702 627 1871 657 tamquam

250 673 405 716 exfonte
424 669 583 704 diducere
601 668 728 702 rivulos
748 669 916 701 rationum
935 667 979 702 ad
991 667 1184 713 potestatem
1205 668 1242 700 in
1252 665 1493 713 temporalibus
1511 659 1792 713 comprobandam:
1820 667 1870 701 Ex

250 718 352 766 ipsius
373 719 480 763 igitur
502 716 695 752 Bellarmini
715 711 931 752 confeffione‚
959 715 1135 761 scriptura,
1153 727 1276 761 patres,
1295 727 1326 750 et
1347 715 1488 750 concilia
1504 716 1591 750 nihil
1608 716 1758 760 probant
1774 727 1874 761 prae-

252 781 304 804 ter
320 768 507 814 primatum
527 764 738 811 spiritualem
759 761 953 808 pontificis3
982 765 1145 798 autoritas
1164 775 1277 797 autem
1296 764 1352 798 illa
1370 765 1569 809 temporalis
1589 776 1688 799 etiam
1707 761 1873 799 indirefih

254 829 326 853 tota
352 815 541 852 rationibus
570 824 601 847 et
629 810 888 847 industionibus
906 812 1084 851 innititur,
1113 824 1198 856 quae
1215 811 1238 845 fi
1256 811 1308 844 vel
1324 813 1437 846 minus
1456 824 1565 847 certae
1580 812 1661 853 sint,
1689 814 1741 848 vel
1758 814 1872 848 minus

253 866 424 902 evidenter
452 861 629 901 dedufflie,
658 862 728 895 ruit
752 870 864 894 totum
893 860 963 906 ejus
989 857 1140 908 systema.
1195 860 1291 901 Quid
1322 872 1404 906 ergo
1429 860 1633 896 censendum
1660 863 1731 902 erit,
1759 861 1780 896 {i
1798 862 1872 896 illas

254 927 374 952 omnes
405 910 602 958 sophisticas
622 908 682 944 effe
702 908 741 943 ad
761 908 899 943 oculum
920 908 1293 944 demonstraverimus?
1548 914 1550 917 ’

352 964 467 997 Prima
487 961 573 995 ratio
591 958 759 1006 ejusmodi
775 956 838 992 est:
867 958 1007 1002 Potestas
1023 960 1133 993 civilis
1153 958 1298 1004 subjefia
1316 957 1720 1005 estpotestati-spirituali,
1741 958 1873 1005 quando

251 1012 383 1061 quidem
402 1020 548 1059 utraque
564 1022 645 1056 pars
670 1009 712 1054 est
733 1007 874 1054 ejusdem
898 1007 1100 1054 reipublicae
1123 1009 1338 1051 christianae.-
1373 1019 1455 1055 ergo
1477 1007 1583 1054 potest
1596 1011 1754 1053 princeps
1765 1008 1873 1053 spiri·
1928 1008 1933 1014 ”

250 1064 354 1097 tualis
374 1064 540 1107 imperare
550 1057 762 1106 priizcipibus
779 1056 1024 1103 temporalibus,
1053 1066 1084 1092 et
1095 1057 1273 1103 disponere
1291 1055 1331 1090 de
1341 1055 1581 1102 temporalibus
1593 1055 1690 1091 rebus
1700 1058 1738 1090 in
1750 1056 1872 1092 ordine

253 1112 298 1146 ad
318 1110 435 1145 bonum
445 1110 645 1156 spirituale,
676 1109 779 1142 omnis
798 1109 885 1141 enim
897 1108 1058 1153 superior
1078 1109 1248 1152 imperare
1262 1105 1369 1152 potest
1387 1108 1566 1150 inferiori.
1621 1146 1625 1149 ι

358 1157 575 1204 Respondeo,
591 1155 785 1192 antecedens
805 1153 867 1190 esse
884 1155 1026 1190 salsum:
1055 1167 1132 1189 nam
1148 1155 1233 1192 licet,
1261 1166 1298 1189 ut
1317 1153 1583 1195 observavimus,
1609 1153 1774 1199 personae
1792 1153 1873 1189 civi-

253 1210 299 1245 les
323 1208 386 1243 sint
413 1205 578 1254 subjeffiae
594 1204 748 1252 potestati
772 1203 958 1250 spirituali,
985 1203 1130 1251 potestas
1150 1215 1262 1239 tamen
1283 1203 1477 1249 temporalis
1497 1203 1628 1243 nonest
1646 1202 1790 1251 subjesta
1808 1214 1871 1248 po-

255 1257 361 1292 testati
388 1256 573 1303 spirituali,
601 1267 637 1290 ut
665 1268 684 1289 a
709 1253 808 1289 nobis
833 1253 1036 1299 explicatum
1066 1253 1110 1288 est
1135 1256 1246 1299 lupra.
1301 1254 1399 1288 Ratio
1426 1253 1506 1288 item
1523 1253 1623 1300 hujus
1641 1252 1875 1287 antecedentis

255 1306 354 1345 falsa,
384 1317 462 1339 narn
485 1303 630 1349 potestas
659 1303 858 1347 temporalis
885 1316 953 1337 non
982 1303 1027 1336 est
1053 1315 1130 1347 pars
1158 1301 1362 1348 reipublicae
1385 1301 1597 1341 christianae,
1635 1313 1673 1337 ut
1692 1300 1869 1336 christiana

254 1355 317 1396 est,
345 1353 399 1388 sed
417 1364 557 1396 utraque
578 1350 720 1396 potestas
742 1350 823 1384 duas
842 1348 1016 1384 constituit
1036 1349 1262 1395 respublicas,
1290 1349 1442 1383 diversos
1463 1349 1564 1390 fines,
1601 1349 1731 1384 diversa
1747 1349 1870 1391 media.

254 1402 401 1439 diversas
421 1402 512 1447 leges
531 1400 707 1437 habentes,
735 1409 767 1432 et
787 1411 993 1443 quamquam
1014 1397 1118 1433 iidem
1135 1398 1295 1433 homines
1314 1399 1497 1443 utriusque
1517 1398 1671 1434 membra
1690 1397 1770 1440 fint,
1791 1410 1868 1434 mu-

253 1465 333 1488 nera
351 1451 497 1486 duarum
516 1448 846 1495 rerumpublicarum
864 1447 939 1482 sunt
956 1445 1098 1482 diversa.

356 1500 407 1535 Ad
433 1499 674 1545 probationem
700 1496 954 1540 consequentis,
992 1498 1096 1530 omnis
1114 1496 1274 1540 superior
1302 1496 1472 1540 imperare
1496 1496 1600 1541 potest
1619 1497 1793 1542 inferiori,
1821 1507 1870 1530 re-

257 1549 423 1597 spondeo,
444 1549 536 1582 illam
556 1560 623 1581 non
636 1546 696 1580 effe
708 1557 841 1586 veram·⁷
869 1556 938 1578 non
956 1545 1048 1578 enim
1068 1542 1224 1589 superior
1242 1541 1353 1588 potest
1371 1544 1540 1589 imperare
1557 1543 1591 1577 in
1608 1544 1781 1584 omnibus,
1810 1543 1868 1579 sed

255 1602 290 1636 in
306 1601 347 1633 iis
366 1609 496 1633 tantum
516 1596 626 1632 rebus,
654 1597 688 1628 in
709 1594 829 1639 quibus
847 1593 892 1628 est
909 1592 1086 1639 superior:
1116 1592 1157 1627 sic
1175 1603 1378 1638 praeceptor
1400 1605 1469 1627 non
1487 1592 1597 1638 potest
1618 1592 1788 1639 discipulo
1805 1595 1868 1629 im·

243 1660 374 1694 pei-are
395 1648 429 1680 in
449 1644 649 1679 haereditate
669 1642 831 1683 adeunda,
860 1654 965 1677 uxore
984 1641 1156 1682 ducenda,
1185 1653 1244 1676 etc.
1297 1641 1426 1677 Deinde
1443 1642 1521 1688 plus
1543 1641 1684 1677 habetur
1701 1643 1736 1676 in
1754 1641 1868 1678 conse.

255 1697 390 1741 quenti,
417 1705 520 1740 quam
541 1695 575 1728 in
593 1691 797 1739 praemiffis3
824 1703 885 1726 nec
902 1692 992 1726 enim
1010 1702 1140 1726 tantum
1163 1688 1333 1728 infertur,
1370 1703 1452 1740 ergo
1469 1691 1574 1738 potest
1586 1694 1747 1738 princeps
1757 1692 1869 1739 spiri.

255 1747 360 1781 tualis
378 1747 548 1791 imperare
562 1743 774 1790 principibus
791 1740 1048 1788 temporalibusf
1077 1739 1170 1786 quod
1189 1752 1295 1774 unum
1322 1753 1360 1774 ex
1375 1739 1559 1786 praemissis
1584 1739 1736 1785 sequitur
1759 1752 1790 1776 et
1810 1753 1870 1777 ve-

256 1807 335 1830 rum
357 1792 419 1833 est,
448 1791 470 1826 fi
490 1790 580 1827 rel-le
599 1791 822 1837 intelligatur:
851 1790 909 1825 sed
931 1790 1088 1828 additur,
1116 1798 1148 1824 et
1173 1788 1346 1836 disponere
1372 1790 1414 1825 de
1439 1789 1679 1836 temporalibus
1704 1788 1802 1825 rebus
1829 1792 1867 1826 in

256 1843 376 1879 ordine
395 1842 440 1876 ad
461 1841 578 1876 bonum
590 1843 787 1888 spirituale.
843 1842 924 1876 Hoc
942 1851 1052 1875 autern
1069 1852 1106 1874 ex
1129 1837 1314 1885 praemissis
1340 1851 1410 1874 non
1435 1837 1609 1884 sequitur,
1636 1837 1749 1885 potest
1774 1839 1868 1875 enim

255 1895 426 1938 imperare
446 1901 575 1926 tantum
594 1891 754 1936 princeps
770 1889 955 1936 spiritualis
975 1889 1156 1935 temporali
1179 1889 1214 1922 in
1239 1887 1298 1926 iis,
1326 1889 1361 1922 in
1386 1887 1510 1933 quibus
1535 1888 1693 1936 superior
1717 1885 1781 1929 est,
1810 1886 1866 1923 sed

256 1940 414 1986 superior
432 1937 476 1974 est
495 1950 625 1974 tanturn
645 1940 679 1973 in
700 1938 947 1985 spiritualibus,
972 1951 1050 1974 cum
1075 1940 1111 1974 in
1130 1937 1375 1983 temporalibus
1391 1939 1425 1972 ei
1443 1936 1562 1980 subfit,
1590 1948 1628 1972 ut
1646 1937 1712 1975 late
1736 1936 1864 1985 proba-

253 2001 326 2025 tum
355 1988 409 2024 est.
471 1991 621 2024 Demum
648 1987 670 2021 fi
697 1988 780 2032 quid
804 1988 967 2034 probaret
993 1988 1058 2023 hoc
1087 1998 1344 2035 argumentum,
1371 1987 1552 2033 probaret,
1580 1983 1865 2032 unumquemque

253 2038 451 2085 principem
503 2035 716 2082 spiritualem
729 2063 736 2077 ,
790 2049 1066 2082 unamquamque
1107 2034 1270 2073 ecclefiam
1318 2034 1412 2082 posse
1456 2036 1496 2070 de
1541 2035 1640 2071 rebus
1688 2039 1863 2082 ternpore-

254 2088 343 2122 libus
361 2085 559 2132 principum
577 2085 718 2121 suorum
738 2084 941 2134 disponere,
968 2098 1046 2122 curn
1070 2098 1110 2122 eo
1128 2084 1323 2133 superiores
1346 2085 1425 2125 sint,
1452 2085 1548 2132 quod
1571 2085 1636 2135 ipsi
1662 2085 1785 2122 nolunt
1801 2084 1862 2121 nd-

251 2136 402 2171 versarii.

403 2182 505 2219 Instat
522 2183 764 2220 Bellarminus‚
789 2183 929 2230 potestas
954 2187 1098 2232 politica
1115 2193 1186 2219 'non
1197 2184 1304 2228 solum
1327 2192 1367 2219 ut
1391 2184 1584 2231 chrzstiana,
1605 2182 1671 2229 sed
1697 2184 1800 2218 etiam
1822 2191 1862 2219 ut

249 2237 389 2282 politica
404 2233 559 2280 subJeHa
577 2233 619 2279 est
637 2233 880 2280 ecclefiasticae,
906 2242 945 2269 ut
959 2236 1039 2270 talis
1060 2232 1344 2279 r.demonstratur
1360 2244 1401 2269 ex
1411 2232 1540 2276 finibus
1563 2235 1758 2282 sar-iusque,
1784 2244 1861 2268 nasu

1725 2281 1811 2330 finis
