2023 2760
440 207 948 247 DISSERTATIONES
992 212 1355 253 HISTORICAE.
1638 236 1656 268 3

89 300 196 346 igitur
213 298 336 335 melius
354 300 532 346 μητςὸπολις
550 296 595 334 est
604 299 694 344 quasi
715 299 811 347 μήτηρ
821 301 920 340 πόλις,
950 299 1028 335 urbs
1046 313 1172 343 mater,
1198 309 1309 353 prima
1326 318 1359 341 et
1367 310 1551 355 praecipua
1561 295 1711 355 reliqua?

87 361 167 384 rum
183 349 288 384 veluti
303 360 419 384 mater.
473 350 558 383 Hoe
572 348 665 383 sensu
682 349 880 384 Athanafius
899 355 937 385 in
954 361 1003 396 ep.
1022 350 1068 384 ad
1077 354 1171 396 solit.
1191 357 1310 393 urbem
1335 360 1478 393 Romam
1504 360 1606 394 totius
1634 362 1704 394 Ro.

85 401 219 434 maniae
234 423 243 436 ‚
268 399 333 434 hoc
350 397 395 432 est
411 399 550 444 imperii
567 398 791 445 metropolim
815 409 929 436 vocat,
964 400 1145 446 μητρόπολις
1169 406 1187 442 n‘
1204 406 1292 451 ῥώμη
1317 409 1373 444 γῆσ
1388 410 1546 453 p‘wpoavloec
1561 435 1569 448 ‚
1604 409 1638 443 id
1658 409 1703 444 est

84 448 169 482 urbs
189 451 303 493 prima
318 460 355 482 ac
371 449 557 493 praecipua
575 449 680 483 totius
697 449 835 495 imperii
854 460 972 494 caputf
1001 451 1044 483 ita
1062 451 1165 487 etiarn
1187 454 1351 489 Eusebius
1371 460 1427 492 ίῐίν.
1447 470 1479 499 4.
1500 459 1570 504 lust.
1584 471 1653 503 cap.
1672 471 1702 494 1.

84 497 295 542 Lugdunum
314 509 345 533 et
363 498 530 532 Viennam
550 496 650 531 urbes
667 498 799 533 Galliae
821 498 1033 544 metropoles
1050 500 1215 545 adpellat,
1242 504 1278 538 id
1302 504 1345 538 est
1362 506 1481 543 urbes,
1509 519 1543 541 ut
1564 509 1700 552 ipseair.

84 545 290 593 praestantes
310 558 341 582 et
356 559 439 592 prae
459 547 595 581 caeteris
612 546 768 593 insignes
823 550 999 591 Quoniam
1017 560 1100 583 vero
1127 551 1162 585 in
1185 564 1387 598 unaquaque
1413 557 1589 597 provincia
1619 556 1700 591 urbs

82 595 129 630 est
145 596 279 640 aliqua,‘
305 609 390 641 quae
408 598 497 630 inter
513 606 653 631 caeteras
671 599 839 638 eminent,
866 598 946 633 haee
966 595 1056 633 dieta
1077 597 1123 633 est
1139 603 1345 649 metropolis
1364 607 1423 640 τῆο-
1442 607 1614 652 {maga-socc,
1642 604 1701 641 seu

82 643 282 691 {impliciter
300 645 516 691 metropolis.

234 695 328 731 Hinc
344 697 558 742 μετ-(πολίτης
574 694 630 731 seu
649 696 940 741 metropolitanus
957 698 1105 743 proprie
1123 699 1152 733 is
1174 700 1228 742 est,
1247 703 1306 748 qu'i
1321 702 1521 749 μετςοπέλεως
1541 703 1622 737 civis
1642 701 1696 740 est.

80 744 174 781 Usus
192 755 303 780 tamen
317 744 477 785 obtinuit,
496 756 533 780 ut
552 746 792 793 metropolites
815 756 945 782 tantum
964 748 992 782 is
1009 746 1154 789 dicatur,
1182 752 1242 795 qui
1259 754 1441 799 primariae
1459 751 1537 786 urbi
1548 751 1698 797 praeest;

80 794 260 829 etidcirco
280 795 386 829 totius
402 795 601 840 provinciae
617 808 732 831 curam
756 795 904 840 aliquam
932 797 1031 842 gerit.
1084 799 1275 846 Episcopus
1302 814 1384 848 ergo
1410 802 1698 847 metropolitanus

79 844 108 878 is
129 844 275 884 dicitur,
306 845 365 888 qui
383 846 515 890 primae
539 844 618 879 urbi
643 846 783 893 alicujus
802 845 1002 891 provinciae
1023 848 1234 894 praepositus
1253 850 1314 891 est.
1350 863 1386 885 ac
1412 861 1591 897 propterea
1619 853 1696 895 qui-

76 892 218 929 busdam
236 906 318 938 prae
337 895 474 928 caeteris
499 905 530 928 et
550 894 585 927 in
602 906 743 931 caeteras
761 895 953 941 privilegiis
964 908 1000 930 ac
1017 895 1148 942 juribus
1164 897 1304 936 fruitur.
1360 903 1436 936 Hac
1447 912 1537 938 voce,
1549 899 1611 936 isto
1622 900 1694 935 sen-

59 941 113 977 -1u
130 941 188 977 usa
202 941 252 987 est
270 941 421 989 synodus
441 944 594 978 Nicaena
611 957 682 981 can.
701 957 735 988 4.
788 943 865 980 Post
883 957 955 979 eam
982 957 1064 980 vero
1089 947 1208 984 eodem
1227 949 1322 985 sensu
1347 948 1613 994 frequentissime
1640 961 1694 984 oc-

75 993 200 1030 currit,
227 1003 299 1027 tum
320 994 356 1026 in
374 991 587 1040 synodorum
608 993 773 1034 decretis,
803 1005 875 1028 tum
901 995 936 1027 in
955 993 1158 1039 scriptorum
1187 997 1478 1034 ecclesiasticorum
1505 1000 1691 1046 operibus;

74 1052 106 1076 at
128 1052 203 1076 ante
222 1041 407 1076 concilium
426 1042 618 1075 Nicaenum
637 1042 774 1081 nullibi,
801 1054 838 1076 ut
853 1053 958 1086 puto,
986 1043 1052 1077 hoc
1071 1043 1166 1079 sensu
1183 1049 1362 1091 reperitur.

226 1092 401 1123 Praeterea
417 1090 711 1123 animadversione
733 1090 877 1134 dignum
895 1089 949 1129 est,
969 1090 1128 1133 quasdam
1147 1092 1243 1129 fuiffe
1252 1095 1461 1141 metropoles
1471 1097 1608 1131 nomine
1619 1107 1689 1131 tan·

76 1149 167 1175 tum,
204 1151 288 1183 quae
307 1137 440 1173 nullum
461 1137 514 1184 jus
535 1138 826 1183 metropoliticum
844 1136 1030 1179 habebant,
1060 1138 1115 1174 sed
1135 1140 1243 1178 solum
1270 1144 1453 1180 honorem:
1490 1144 1533 1179 fic
1560 1146 1686 1180 Nicae-

73 1200 138 1222 nus
158 1187 339 1232 episcopus
357 1185 419 1220 ast.
444 1197 496 1226 13.
526 1197 621 1221 conc.
639 1186 920 1219 Chalcedonensis
940 1197 1021 1220 tom.
1040 1198 1072 1227 4.
1090 1200 1184 1223 conc.
1212 1193 1274 1226 col.
1296 1198 1379 1234 716.
1408 1207 1532 1227 nomen
1557 1206 1684 1230 metro-

68 1236 214 1282 politani
234 1234 377 1272 obtinet,
405 1243 436 1266 et
453 1232 680 1277 praeponitur
698 1233 837 1265 caeteris
865 1231 1033 1276 episcopis
1060 1237 1256 1277 provinciae
1281 1239 1415 1274 honore
1441 1241 1681 1281 iolurnmodo.

70 1286 115 1319 ita
134 1294 171 1318 ut
190 1282 353 1330 subjaceat
370 1280 452 1315 ficut
469 1292 500 1315 et
517 1281 637 1314 caeteri
656 1279 797 1314 antistiti
814 1280 1087 1322 Nicomedienfi:
1123 1284 1166 1319 ita
1193 1286 1296 1321 etiam
1318 1287 1615 1330 Chalcedonensis,
1651 1299 1684 1329 eg

73 1331 263 1382 Berytensis
280 1330 448 1379 epilcopi,
478 1329 648 1367 honorem
669 1341 799 1366 tantum
825 1341 1022 1377 nomenque
1046 1333 1346 1383 metropoliticum
1374 1336 1584 1379 obtinebant.

807 1482 834 1524 §.
886 1483 939 1520 ΙΙ,

671 1567 730 1605 De
762 1571 891 1607 nomine
910 1571 1084 1619 primatis.

69 1665 246 1760 Primas
271 1671 299 1707 is
323 1671 466 1711 dicitur,
495 1669 554 1715 qui
570 1671 729 1716 primum
745 1684 782 1706 ac
796 1674 1019 1722 praecipuum
1039 1676 1155 1713 locum
1165 1675 1288 1712 alicubi
1303 1677 1452 1720 obtinet,
1479 1678 1590 1727 licque
1600 1694 1678 1720 cum

169 1722 204 1756 in
224 1720 415 1766 republica,
444 1730 517 1754 tum
544 1721 579 1755 in
597 1721 703 1754 variis
729 1721 909 1759 hominum
935 1724 1086 1770 collegiis
1109 1727 1204 1762 fuere
1228 1727 1366 1772 quidam
1388 1729 1471 1764 olim
1495 1733 1677 1776 primates;

69 1777 115 1810 ita
131 1768 232 1807 etiam
250 1769 370 1817 synodi
391 1767 652 1803 christianorum
669 1768 748 1804 suos
766 1771 916 1807 habuere
934 1774 1140 1821 σπςοεςῶτοις,
1169 1776 1205 1810 id
1222 1775 1266 1810 est
1287 1777 1512 1822 praesidentes
1539 1794 1577 1816 ac
1601 1784 1676 1828 pri-

67 1833 188 1862 mates,
216 1831 335 1854 verum
356 1818 517 1864 primates
534 1820 694 1863 perpetui
713 1820 813 1855 iidem
832 1822 916 1857 olitn
939 1822 1077 1858 fuerunt
1101 1837 1138 1860 ac
1161 1827 1430 1872 metropolitani.

219 1869 270 1904 Sic
288 1880 414 1903 canone
434 1866 621 1913 apostolico
644 1880 698 1912 34.
719 1867 883 1912 sancitur,
913 1882 950 1906 ut
967 1871 1117 1919 episcopi
1142 1874 1408 1923 uniuscujusque
1433 1878 1541 1921 gentis
1558 1879 1675 1925 agnos-

66 1930 142 1957 cant
157 1930 253 1958 eum,
280 1918 340 1966 qui
359 1919 397 1951 in
416 1921 462 1951 eis
477 1919 606 1962 primm
621 1918 681 1963 est,
709 1927 741 1953 et
758 1921 945 1966 existiment
961 1930 1000 1956 ut
1020 1932 1131 1970 caput.
1184 1926 1290 1959 Hunc
1306 1936 1468 1962 canonem
1494 1927 1534 1962 de
1549 1940 1675 1965 metro-

64 1968 227 2018 politanis
244 1966 403 2001 intellexit
420 1966 632 2000 Antiochena
655 1966 816 2014 synoduS.

215 2018 255 2051 In
274 2014 418 2049 concilio
439 2015 602 2051 Carthqz.
622 2028 692 2050 can.
716 2029 729 2049 1
741 2030 769 2052 2.
822 2019 952 2054 Placuit
969 2019 1131 2057 omnibus,
1158 2029 1197 2054 ut
1212 2022 1393 2066 inconsulto
1406 2026 1555 2070 primate
1570 2029 1675 2074 cujus·

66 2067 150 2105 libet
164 2067 363 2113 provinciae
380 2073 447 2099 tam
460 2066 568 2109 facile
584 2077 673 2099 nemo
690 2068 898 2112 praesumat,
927 2070 1004 2103 licet
1024 2082 1093 2104 cum
1110 2070 1224 2104 multis
1243 2070 1404 2117 episwpis
1422 2075 1458 2107 in
1475 2087 1673 2124 quocumque

65 2120 130 2154 loco
145 2115 210 2161 fine
224 2115 312 2160 ejus,
340 2121 378 2147 ut
395 2113 520 2147 diHum
542 2114 600 2159 est,
626 2125 803 2161 praecepto
819 2118 999 2164 epfiopum
1017 2118 1186 2153 ordinare.
1233 2120 1309 2154 -Hic
1331 2120 1455 2165 absque
1480 2123 1586 2159 dubio
1610 2127 1670 2170 qui

65 2162 352 2210 metropolitanus
381 2160 441 2202 est,
467 2163 597 2207 primas
615 2162 820 2208 adpellatur,
850 2178 918 2199 non
938 2165 1029 2201 secus
1047 2179 1084 2201 ac
1103 2179 1228 2202 canone
1254 2180 1287 2212 7.
1307 2180 1339 2203 et
1360 2183 1413 2206 10.
1430 2173 1564 2207 concilii
1590 2176 1670 2208 Car·

65 2215 155 2259 mag,
179 2224 207 2257 5.
259 2210 384 2248 Eadem
401 2223 466 2245 vox
489 2210 621 2257 saepius
639 2212 753 2247 eadem
771 2212 1013 2259 significatione
1029 2217 1177 2250 occurrit
1192 2217 1228 2250 in
1247 2217 1321 2253 cod.
1337 2230 1407 2256 can,
1419 2220 1567 2256 ecclesiae
1578 2222 1668 2257 Afri-

65 2273 165 2306 mme
180 2266 408 2311 ⁶⁸⁰·.¹7·„²8·
431 2263 491 2301 86.
511 2271 590 2298 100.
612 2273 692 2298 120.
720 2274 798 2300 121.
827 2275 904 2306 125.
934 2276 966 2299 et
994 2276 1072 2309 127.
1123 2267 1210 2303 Item
1233 2267 1269 2303 in
1292 2268 1439 2305 concilio
1463 2270 1666 2308 Taurinenfl

147 2324 152 2330 x
863 2315 894 2349 A
923 2325 942 2347 2
1513 2328 1617 2357 ceno-
