2022 2733
327 193 835 229 DISSERTATIONES
862 194 1204 231 HISTORICAE.
1244 196 1400 232 stsmr.
1429 199 1471 233 11.
1605 209 1671 241 ¹²3

667 279 724 318 De
741 280 904 332 Dionyfio
920 280 1174 319 Alexandrino.

103 374 249 473 Cum
275 388 417 424 haeresis
440 388 618 424 Sabelliani
644 390 678 424 in
710 388 898 436 superioris
927 390 1051 438 Lybiae
1089 392 1243 439 partibus
1273 391 1474 439 grassaretur
1494 419 1502 434 ,
1537 393 1721 442 Dionysius

213 437 465 474 Alexandrinus
486 439 683 486 episcopm,
710 439 822 474 studio
848 440 1026 485 religionis
1050 442 1238 488 impulsus,
1275 444 1538 489 Pentapolitanis
1565 441 1694 490 scripsit
1711 471 1721 485 ,

101 499 141 524 ut
169 500 230 523 eos
257 488 297 522 ab
314 487 376 524 isto
401 501 517 524 errore
546 500 726 524 revocaret.
783 488 933 532 Quidam
962 503 1042 525 vero
1067 490 1157 526 reste
1183 491 1375 532 sentientes,
1405 492 1557 540 Dionysii
1576 505 1722 529 mentem

103 536 175 573 noti
193 536 362 579 adsecuti,
393 537 626 573 existimarunt
643 535 761 584 ipsum'
774 538 809 572 in
830 550 982 572 errorem
1001 539 1199 584 oppositum
1223 539 1284 573 effe
1301 541 1519 586 prolapsum,
1548 553 1579 576 et
1599 545 1663 577 Dei
1681 542 1719 577 si-

99 587 187 623 lium
202 599 291 633 opus
309 600 346 622 ac
367 600 553 623 creaturam
570 585 757 623 adseruiffe.
817 587 870 621 Ab
896 585 966 621 istis
991 588 1084 633 apud
1105 588 1310 636 Dionysium
1334 592 1524 625 Romanum
1545 590 1719 627 adcusatus

101 637 172 678 est,
202 637 238 671 in
257 636 411 684 synodo,
440 649 524 682 quae
542 648 614 671 tum
634 641 762 672 Romae
779 635 974 673 habebatur.
1035 637 1193 685 Synodus
1220 638 1443 674 Alexandrini
1469 639 1626 687 Dionysii
1652 639 1719 675 sen-

99 687 243 723 tentiam
263 688 374 721 minus
393 684 482 721 refice
501 687 657 732 capiens,
695 698 768 720 eam
793 685 1014 732 improbavit.
1073 687 1113 722 Id
1136 699 1214 723 cum
1239 686 1297 722 iste
1328 688 1558 734 comperisset,
1593 689 1720 725 librum

98 736 208 772 edidit
223 736 363 770 nornine
378 736 574 782 apologiae,
604 734 660 770 seu
680 735 809 770 elenchi
828 734 1051 781 inscriptum,
1079 748 1153 773 tum
1171 748 1210 772 ut
1235 736 1266 772 se
1289 737 1330 772 ab
1357 736 1499 786 objeEizis
1525 751 1693 785 purgaret
1709 766 1718 780 ‚

98 797 173 822 tum
191 796 230 821 ut
247 785 334 820 male
356 784 532 821 sentientes
555 797 726 831 argueret.
788 787 884 820 Haec
910 784 1060 822 constant
1088 800 1125 821 ex
1153 785 1267 822 saneto
1294 787 1476 823 Athanasio
1503 790 1538 822 in
1563 788 1655 823 libro
1679 789 1718 823 de

102 835 266 871 sententia
288 834 461 884 Dionysii,
489 836 572 870 etin
589 835 678 870 libro
703 836 743 870 de
762 834 912 883 synodis·
965 838 1011 870 Ex
1041 836 1093 871 his
1117 850 1227 882 porro
1254 838 1463 873 concludunt
1492 839 1659 873 Baronius
1687 850 1719 873 et

103 881 179 927 alii,
214 883 393 931 episcopo,
419 887 611 931 primarum
630 886 747 920 saltem
766 885 898 920 sedium
919 883 1009 920 regie
1019 886 1166 922 accusari
1183 886 1304 923 debere
1320 888 1411 935 apud
1434 887 1609 927 summum
1633 900 1719 935 poa-

98 933 242 975 tificem,
269 934 387 979 ibique
405 935 567 982 judicari3
594 947 715 969 verum
736 934 787 969 illi
807 934 940 980 oppido
959 934 1137 972 falluntur.

248 985 400 1018 Primum
428 985 519 1018 enim
546 983 729 1031 Dionysius
759 997 829 1018 non
847 983 893 1017 est
909 984 1054 1030 juridice
1071 986 1242 1020 accusatus
1264 987 1357 1032 apud
1376 984 1550 1020 summum
1575 985 1715 1031 pontisi-

99 1044 173 1068 cem
193 1035 387 1069 Romanum
399 1057 408 1071 ,
436 1043 473 1066 ut
489 1033 524 1065 in
545 1044 622 1065 eum
640 1031 788 1065 ferretur
806 1031 987 1072 sententia,
1017 1032 1070 1066 sed
1088 1044 1218 1067 tantum
1231 1060 1238 1074 ,
1252 1037 1310 1078 qui
1328 1046 1476 1069 mentem
1497 1035 1567 1080 ejus
1586 1035 1712 1070 sinistre

98 1082 311 1128 interpretati
332 1093 442 1121 erant,
472 1080 511 1114 de
533 1092 572 1114 eo
590 1080 682 1125 apud
702 1082 894 1114 Romanurn
915 1079 1116 1126 pontificem
1144 1083 1317 1126 conquesti
1343 1080 1428 1117 sunt.
1490 1084 1633 1118 Illorum
1658 1097 1713 1119 au-

98 1142 167 1166 tem
187 1131 419 1175 querimoniae
440 1142 506 1164 nou
530 1140 681 1175 arguunt
700 1133 893 1163 Romanum
911 1129 1127 1175 episcopum,
1154 1130 1350 1176 supremam
1371 1133 1586 1173 autoritatem
1610 1132 1712 1168 habe.

97 1192 136 1215 re
153 1181 187 1213 in
207 1180 343 1226 judiciis
363 1177 619 1223 episcoporum.
673 1178 800 1211 Eodem
820 1179 909 1211 enim
928 1179 1032 1213 modo
1052 1192 1089 1212 ex
1108 1180 1253 1214 Eusebio
1272 1181 1362 1215 libro
1382 1194 1413 1225 7.
1431 1193 1505 1226 cap.
1533 1194 1588 1226 27.
1650 1185 1712 1218 Ec.

96 1227 191 1263 ¹clesia
208 1228 417 1262 Antiochena
431 1226 523 1270 apud
540 1224 742 1272 Dionysium
757 1225 1045 1262 Alexandrinum,
1072 1227 1331 1267 Firmilianum,
1361 1241 1391 1262 et
1405 1229 1507 1270 alios,
1529 1230 1570 1264 de
1585 1231 1709 1276 episco-

96 1289 145 1324 po
164 1275 224 1312 suo
244 1275 346 1311 Paulo
365 1272 544 1318 conquesta
562 1272 624 1314 est,
652 1272 818 1317 illumque
835 1273 927 1318 apud
947 1273 1025 1308 istos
1042 1274 1207 1308 accusavit
1222 1275 1364 1309 violatae
1381 1275 1470 1310 fidei.
1523 1281 1568 1312 At
1594 1279 1710 1315 nullus

95 1326 176 1362 inde
204 1324 398 1365 concludet,
414 1322 662 1363 Alexandrino,
689 1334 747 1356 aut
764 1321 970 1357 Caesareensi
988 1321 1052 1358 soli
1068 1323 1122 1370 jus
1141 1322 1202 1358 esse
1219 1324 1391 1371 judicandi
1419 1326 1622 1362 Antiocheni
1640 1330 1710 1374 epi·

95 1376 200 1422 scopi.
254 1374 430 1410 Faustinus
449 1375 526 1408 item
544 1370 777 1418 Lugdunensis
796 1371 887 1417 apud
907 1374 1118 1420 Cyprianum
1133 1375 1348 1409 Marcianum
1366 1374 1553 1414 accusavit,
1589 1388 1620 1413 et
1641 1379 1710 1424 epi-

95 1425 191 1472 scopi
209 1424 356 1471 Hispani
377 1424 418 1458 ad
448 1422 605 1458 eumdem
625 1422 666 1456 de
695 1419 843 1456 Basilidis
873 1433 905 1456 et
932 1422 1100 1457 Martialis
1126 1422 1342 1458 damnatione
1364 1423 1579 1471 scripserunt.
1657 1428 1712 1463 Sic

96 1475 195 1511 etiam
213 1474 352 1510 saeculis
369 1471 618 1520 posterioribus
635 1470 794 1506 monachi
815 1469 988 1525 doarigae
1014 1473 1174 1519 Origenis
1199 1471 1411 1512 defensores,
1445 1478 1603 1523 Aegypto
1623 1476 1711 1522 pulsi

95 1537 116 1560 a
131 1524 335 1571 Theophilo
356 1522 605 1558 Alexandrino,
634 1533 702 1555 non
718 1519 759 1554 ad
778 1522 990 1561 Romanum,
1018 1521 1075 1558 sed
1097 1523 1137 1557 ad
1155 1522 1570 1570 Constantinopolitanurn
1582 1525 1711 1571 episco-

94 1586 184 1622 pum
202 1574 406 1618 confugere,
438 1583 470 1606 et
489 1571 531 1605 de
547 1569 708 1604 violentia
731 1568 790 1603 sibi
808 1568 848 1603 ab
870 1570 1028 1618 episcopo
1044 1569 1134 1606 fabia
1151 1572 1321 1618 conquesti
1341 1573 1434 1613 sunt..
1481 1577 1524 1609 Et
1544 1574 1620 1620 post
1630 1575 1711 1612 haec

95 1622 358 1659 cumProterius
376 1620 625 1657 Alexandrinus
649 1620 684 1653 in
702 1615 896 1667 baptisterio
913 1632 931 1654 a
945 1620 1100 1656 Dioscori
1124 1620 1317 1658 fautoribus
1346 1621 1435 1658 foret
1460 1625 1682 1671 interemptus
1699 1651 1710 1664 .

96 1685 170 1708 non
192 1672 234 1711 ad
253 1676 421 1711 Leonem,
451 1669 507 1704 sed
523 1669 565 1704 ad
585 1667 1002 1713 Constantinopolitanum
1023 1670 1226 1717 episcopum
1254 1672 1347 1707 causa
1374 1672 1419 1707 est
1444 1672 1586 1709 remissa.
1647 1677 1706 1710 Ex-

96 1715 364 1758 tant'innumera
382 1718 580 1767 hujusmodi
598 1718 748 1764 exempla
767 1717 1007 1764 episcoporum
1034 1719 1263 1757 accusatorum
1286 1722 1376 1768 apud
1395 1722 1477 1758 alios
1505 1723 1682 1770 episcopos
1697 1751 1706 1766 ,

98 1773 160 1817 qui
179 1771 265 1805 nihil
279 1770 421 1817 jurisin
438 1768 515 1803 illos
534 1767 710 1803 habebant.
762 1770 803 1802 Et
821 1779 929 1803 tamen
953 1769 1004 1803 his
1021 1770 1056 1803 in
1074 1768 1201 1804 casibus
1221 1770 1372 1817 episcopi
1390 1770 1460 1809 isti,
1488 1785 1528 1806 ne
1549 1774 1630 1817 quid
1649 1774 1707 1808 de-

97 1821 250 1857 trimenti
267 1830 404 1866 caperet
422 1817 611 1864 respublica
633 1817 862 1857 ecclesiastica,
891 1816 1008 1853 sedulo
1026 1830 1247 1860 curaverunt,
1276 1833 1307 1855 et
1327 1834 1400 1859 eoa,
1431 1823 1488 1866 qui
1507 1823 1598 1867 apud
1610 1821 1640 1858 se
1650 1824 1706 1858 ad-

95 1869 319 1908 cusabantur,
345 1868 458 1904 conati
476 1867 607 1902 suntab
626 1880 742 1902 errore
760 1879 934 1905 revocare,
960 1880 1017 1903 aut
1033 1868 1054 1901 si
1074 1868 1107 1901 in
1127 1880 1165 1912 eo
1186 1867 1457 1915 perseverarent,
1495 1884 1551 1907 eos
1574 1885 1705 1908 excom-

43 1924 45 1926 ’
94 1914 267 1956 municare
286 1932 355 1954 non
373 1917 583 1952 dubitarunt.
639 1917 692 1952 Sic
711 1914 842 1951 sanstus
861 1915 1123 1965 Chrysostomus
1141 1918 1379 1964 Theophilum
1399 1933 1461 1966 per
1484 1921 1609 1957 litteras
1629 1923 1706 1958 hor-

94 1970 182 2011 tutus
201 1966 262 2009 est,
296 1980 334 2003 ut
357 1968 634 2003 communionem
663 1966 850 2001 restitueret
875 1967 1059 2002 monachis.
1121 1968 1173 2002 Sic
1200 1970 1298 2003 etiarn
1326 1970 1475 2016 Cyrillus
1502 1969 1703 2007 Nestorium

93 2018 201 2067 ‘prave
216 2018 414 2054 sentientem
432 2015 599 2062 aggressus
619 2015 681 2058 est,
708 2028 738 2051 et
764 2029 782 2050 a
807 2017 1046 2052 communione
1070 2017 1229 2058 semovit,
1270 2019 1475 2063 quzfl'nquam
1495 2021 1523 2054 ei
1551 2021 1640 2056 nulla
1666 2023 1701 2060 in

94 2067 195 2105 istum
213 2065 406 2115 jurisdiffio
423 2077 636 2113 competeret.
689 2068 784 2101 Haec
803 2067 953 2112 exempla
976 2066 1095 2114 paffim
1116 2079 1317 2108 occurrunt,
1345 2080 1407 2103 nec
1426 2068 1548 2105 necesse
1573 2069 1618 2105 est
1645 2071 1701 2106 illa

95 2112 240 2155 studiose
257 2117 426 2163 colligere.
1686 2149 1691 2152 ..

96 2162 99 2166 ”
244 2166 418 2204 Secundo,
444 2164 630 2214 Dionysius
646 2169 821 2201 Romanus
839 2177 869 2201 et
889 2164 1040 2212 episcopi
1058 2163 1180 2214 synodi
1197 2168 1367 2201 Romanae
1383 2166 1549 2214 judicium
1566 2170 1701 2205 nullum

97 2217 243 2253 tulerunt
263 2218 305 2253 de
322 2216 484 2251 sententia
505 2227 561 2250 aut
576 2213 723 2261 persona
740 2214 896 2263 Dionysii
916 2215 1141 2251 Alexandrini.
1195 2215 1391 2251 Athanasius
1409 2218 1578 2264 quippeid
1590 2232 1700 2254 unum

100 2264 253 2308 testatur,
282 2265 460 2313 episcopos
481 2264 604 2313 synodi
623 2267 797 2303 Romanae
814 2264 953 2313 indigne
969 2262 1079 2299 tulisse
1095 2279 1147 2308 ea,
1176 2279 1258 2313 quae
1274 2278 1292 2301 a
1314 2266 1480 2315 Dionysio
1502 2268 1701 2305 Alexandri-

1000 2316 1081 2359 Q2
1604 2331 1650 2355 no
