2022 2733
320 200 633 239 DISSERTA'I
651 203 824 239 IONES
848 203 1197 250 H318T·0R10AE.
1224 203 1383 240 Drsssnr.
1412 206 1491 239 vn.
1594 213 1664 248 375

90 289 146 330 ni,
176 289 235 333 qui
252 287 296 324 ob
314 289 571 325 multitudinem
588 303 656 326 non
677 295 807 338 parum'
820 291 1023 338 potuissent,
1050 291 1209 328 adversus
1238 305 1295 327 eos
1311 305 1403 328 arma
1426 303 1639 334 moverunt,
1653 304 1712 329 eut

88 339 150 376 iis,
177 339 236 383 qui
255 337 335 384 ipsis
354 337 422 374 sese
437 340 679 388 opponebant,
707 341 952 388 adjunxerunt:
980 345 1076 379 Circa
1096 343 1297 390 majestatem
1321 345 1539 388 imperatoris
1554 369 1562 382 ,
1599 343 1713 387 inquit

86 387 323 424 Tertullianus
340 388 382 423 ad
400 391 596 436 Scapulam,
622 393 850 436 infamamur,
875 401 986 428 tamen
1011 405 1179 441 nunquam
1206 392 1402 432 Albiniani,
1431 394 1485 427 vel
1511 393 1707 440 Nigriani,

87 439 144 473 vel
163 437 306 485 Caffiani
323 441 479 474 inveniri
492 448 681 487 potuerunt
698 440 872 487 christiani
881 454 888 475 :
917 453 950 476 et
975 454 1015 476 ex
1041 441 1276 489 apologetico:
1303 441 1407 477 unde,
1434 441 1566 485 inquit,
1595 441 1709 488 Caffii,

86 496 122 522 et
138 488 288 535 Nigr-ii,
316 496 349 522 et
367 487 508 526 Albini,
535 492 593 536 qui
616 491 709 524 inter
725 489 807 524 duas
826 491 940 526 lauros
955 490 1098 538 obsident
1115 492 1276 536 caesarem
1296 504 1309 534 ‚-
1345 489 1436 525 unde
1460 493 1520 538 qui
1545 491 1709 536 faucibus·

87 538 162 585 ejus
180 537 410 583 exprimendis
427 539 657 585 palaestricam
684 547 860 581 exercent3
887 539 979 573 unde
994 542 1053 586 qui
1069 543 1197 573 armati
1211 541 1379 585 palat-ium
1398 542 1613 586 irrumpunt,
1640 551 1708 574 om-

79 586 183 632 nibus
209 595 262 622 tot
286 586 436 635 Sigeriis
451 587 687 624 etPartlzeniis
703 585 922 621 audaczores?
940 587 1004 622 >De
1021 589 1184 622 Romanis
1203 611 1211 627 ,
1248 587 1309 632 nist
1329 589 1440 633 fallor
1458 611 1469 625 ,
1511 587 1552 622 id
1576 587 1620 633 est
1643 600 1709 624 non

86 635 284 681 christianis.

209 709 213 712 ⁴
233 697 299 734 At,
325 694 508 739 inquiunt,
534 693 624 728 vires
644 704 718 729 tum
737 693 904 740 temporis
921 692 1112 730 christianis
1128 705 1197 729 non
1214 693 1319 730 animi
1337 694 1541 739 defuerunt,
1565 695 1638 730 imo
1650 708 1708 730 eo-

85 743 164 778 dem
181 743 397 778 Tertulliano
417 742 496 779 teste
509 768 517 784 ,
544 745 636 778 vires
654 746 696 778 iis
714 752 814 779 erant
828 751 963 784 tantae,
989 753 1028 779 ut
1045 757 1110 780 una
1125 757 1190 780 nox
1204 746 1354 791 pauculis
1365 747 1494 791 faculis
1509 748 1707 793 largitatem

83 795 222 828 ultionis
238 793 397 840 potuiffi’t
415 796 569 839 operari,
586 792 616 839 ſs
634 793 758 826 malum
784 793 867 826 malo
893 791 1050 841 disjungi
1069 805 1134 839 per
1163 806 1223 828 nos
1250 794 1417 840 licuiffen
1445 794 1511 839 sed
1535 794 1639 842 absit,
1665 803 1706 829 ut

85 851 149 888 qut
166 845 247 891 igne
265 843 403 877 humano
418 843 614 876 vindicetur
631 841 751 876 divina
764 841 876 886 sebia,
902 850 963 876 aut
976 841 1087 877 doleat
1097 844 1196 888 pati,
1225 844 1262 877 in
1281 854 1342 889 quo
1363 842 1530 890 probatur
1542 869 1551 884 ,
1575 844 1603 889 fi
1618 847 1707 879 enim

83 892 181 937 hostes
198 900 381 938 et‘apertos
398 903 467 926 non
484 899 616 926 tantum
633 889 785 925 vindices
802 891 943 925 occultos
959 902 1063 940 agere
1079 892 1242 932 vellemus,
1262 891 1387 938 deeffet
1402 892 1495 927 nobis
1521 896 1575 928 vis
1591 905 1704 928 nume-

83 936 200 975 rbrum
219 949 252 975 et
279 943 473 987 copiarum:
497 941 616 987 plures
642 942 803 974 nimirum
827 940 954 974 Mauri
974 949 1007 975 et
1029 941 1295 980 Marcomanni,
1335 941 1459 988 ipsique
1492 943 1615 977 Parthi
1648 945 1705 977 vel

83 992 356 1037 quanticumque,
383 992 480 1025 unius
497 999 609 1025 tamen
627 990 688 1023 loci
706 997 739 1023 et
745 989 884 1034 suorum
897 988 1019 1032 finium
1041 998 1162 1037 gentes
1187 1002 1283 1038 quam
1314 993 1418 1026 totius
1445 989 1532 1025 orbis
1567 994 1706 1026 externi

77 1040 208 1084 sumus,
236 1047 269 1074 et
285 1038 393 1084 vestra
409 1041 520 1074 omnia
541 1039 765 1084 implevimus,
792 1037 909 1079 urbes,
936 1040 1080 1084 insulas,
1109 1039 1238 1086 castella
1254 1064 1262 1080 ‚
1299 1042 1508 1086 municipia,
1551 1042 1704 1075 concilia·

81 1087 180 1126 bula,
206 1088 310 1134 castra
325 1089 417 1134 ipsa,
445 1087 572 1128 tribus,
601 1087 771 1127 decurias,
797 1089 984 1133 palatium,
1005 1089 1162 1132 senatum
1178 1113 1188 1130 ,
1207 1091 1328 1135 forum
1345 1113 1354 1130 ,
1380 1090 1452 1133 sola
1478 1088 1569 1124 vobis
1596 1091 1705 1124 relin-

80 1140 208 1186 quimus
223 1138 363 1183 templa:
390 1140 444 1171 cui
460 1136 544 1171 bello
560 1149 628 1170 non
647 1136 775 1175 idonei,
805 1148 871 1170 non
885 1139 1036 1183 prompti
1051 1137 1247 1184 fug'ffemus,
1281 1141 1382 1173 etiam
1406 1140 1509 1186 copiis
1541 1141 1704 1185 impares,

79 1189 137 1234 qui
162 1195 230 1221 tam
252 1185 402 1221 libenter
427 1185 651 1227 trucidamur,
686 1185 800 1231 finon
827 1185 920 1232 apud
946 1186 1037 1232 iliam
1070 1186 1286 1234 disciplinam
1317 1190 1429 1236 magis
1448 1187 1554 1224 occidi
1585 1189 1704 1222 liceret

77 1248 175 1284 quam
191 1235 352 1271 occidere.
906 1234 910 1237 ’

229 1300 323 1344 Ergo
343 1309 413 1332 non
430 1296 509 1341 quia
535 1296 626 1330 vires
645 1295 731 1341 ipris
748 1295 904 1338 deerant,
929 1299 1036 1343 primi
1053 1299 1102 1333 illi
1116 1300 1288 1336 christiani
1307 1302 1405 1348 reges
1423 1302 1554 1348 impios
1571 1311 1602 1335 et
1621 1312 1701 1346 per-

78 1347 279 1395 sequutores
297 1346 508 1387 tolerarunt3
535 1343 591 1379 sed
612 1345 691 1389 quia
706 1343 795 1384 istud
813 1344 889 1381 suae
907 1347 1084 1393 religionis
1103 1348 1164 1384 effe
1179 1349 1442 1393 arbitrabantur,
1470 1350 1700 1396 sequebantur

77 1397 199 1439 sciIicet
220 1396 270 1431 illi
287 1394 480 1441 exemplum
496 1393 639 1442 Christi,
668 1394 821 1439 quicum
842 1394 949 1440 posset
969 1397 1120 1442 legiones
1157 1399 1361 1445 angelorum
1379 1400 1563 1441 accersere,
1587 1409 1627 1435 ut
1643 1399 1698 1435 de-

77 1446 293 1492 fenderetur,
318 1445 484 1491 maluerat
501 1455 635 1479 crucem
651 1442 781 1485 subire,
809 1456 846 1480 ut
863 1444 963 1481 nobis
982 1444 1059 1481 esset
1079 1449 1274 1494 exemplum
1300 1450 1504 1498 patientiae:
1530 1448 1697 1487 sciebant.

79 1509 158 1535 eum
177 1496 262 1532 nihil
273 1494 373 1530 'aliud
399 1492 589 1529 christianis
607 1493 643 1526 in
659 1492 776 1537 aliquo
789 1493 865 1530 loco
884 1497 1011 1530 vexatis
1028 1497 1235 1537 concessisse,
1262 1512 1365 1545 quam
1387 1512 1425 1536 ut
1441 1497 1562 1546 fugam
1581 1497 1694 1545 capes-

76 1545 196 1582 serent.
247 1547 289 1580 In
313 1544 429 1578 animo
454 1540 618 1576 habebant
643 1543 816 1577 monitum
840 1545 932 1579 Petri
956 1546 1169 1583 adhortantis
1193 1548 1394 1585 christianos
1420 1549 1461 1585 ad
1494 1550 1696 1596 patientiam

80 1594 236 1641 exemplo
253 1592 396 1633 christi,
422 1592 483 1636 qni
506 1603 584 1626 cum
603 1601 742 1636 peccato
757 1602 906 1633 vacaret,
933 1605 966 1628 et
985 1594 1056 1630 doli
1091 1598 1206 1632 omnis
1232 1600 1398 1635 immunis
1425 1597 1515 1639 esset,
1544 1599 1696 1634 convitia

78 1645 237 1681 convitiis
256 1655 326 1678 non
341 1640 515 1688 reposuit,
542 1651 650 1684 neque
672 1640 763 1674 inter
785 1641 987 1686 patiendum
1013 1645 1163 1680 minatus
1191 1645 1237 1681 est
1245 1673 1255 1689 ,
1277 1648 1342 1694 sed
1365 1648 1520 1684 tradidit
1537 1649 1577 1693 se
1593 1647 1694 1693 judi-

70 1696 171 1731 canti
188 1693 328 1741 injuste,
355 1702 413 1727 ²¹11
430 1702 467 1727 ut
482 1691 517 1726 5¹¹
535 1689 668 1730 Graeco
685 1689 842 1730 habetur,
862 1690 960 1737 juste.
1012 1695 1088 1729 Hae
1103 1696 1284 1742 praecipue
1301 1698 1464 1743 patientia
1479 1695 1696 1733 christianam

75 1742 281 1789 religionem
302 1738 477 1777 invaluisse
494 1739 663 1786 legimus:
691 1738 771 1774 inde
788 1739 846 1786 est,
875 1741 990 1784 inquit
1008 1743 1205 1790 Cyprianus
1229 1745 1265 1780 in
1281 1745 1341 1783 lib.
1360 1747 1402 1781 ad
1427 1750 1578 1782 Demetr.
1606 1745 1695 1794 quod

74 1805 168 1834 nemo
183 1792 344 1838 nostrum,
371 1789 502 1838 quando
521 1788 809 1836 apprehenditur,
836 1789 1043 1833 relufiatur,
1069 1804 1125 1828 nec
1135 1794 1172 1838 se
1194 1793 1364 1838 adversus-³
1379 1791 1535 1843 injustam
1560 1797 1694 1830 violen-

75 1845 159 1878 tiam
178 1842 339 1889 vestr-am,
366 1842 516 1888 quamvis
533 1841 653 1874 nimius
672 1847 707 1873 et
731 1840 874 1885 copi-ofin
891 1837 939 1885 fit
961 1840 1066 1887 noster
1088 1845 1251 1890 populus,
1292 1846 1465 1890 ulczjcitnr
1480 1870 1488 1886 ,
1524 1848 1694 1891 patientes

67 1893 163 1939 facit
179 1891 221 1926 de
229 1891 390 1937 secutura
416 1891 544 1924 ultione
555 1890 730 1932 securitas.
785 1890 826 1922 Et
844 1886 1060 1926 Lafiantius:
1088 1891 1291 1934 Confidimus
1313 1896 1398 1929 enim
1416 1895 1599 1941 majestati,
1634 1896 1695 1941 qui

74 1948 378 1986 tam-contemptum
390 1941 448 1983 sui
465 1937 559 1985 poffit
578 1938 706 1983 ulcisci,
734 1949 828 1984 quam
837 1938 1013 1983 servorum
1022 1943 1160 1986 suorum
1178 1942 1306 1979 labores
1325 1954 1357 1980 et
1375 1946 1540 1991 injurias.-
1566 1951 1599 1978 et
1617 1944 1694 1978 ideo

77 1993 147 2026 cum
164 1998 234 2026 tam
251 1988 406 2035 nefanda
423 1989 654 2034 perpetimur,
681 1998 723 2022 ne
741 1987 840 2021 verbo
860 1987 992 2035 quidem
1015 1990 1247 2034 reluHamur,
1267 1992 1334 2039 sed
1361 1996 1565 2029 remittimus
1587 1993 1690 2027 ultio-

75 2051 169 2076 nem:
198 2037 320 2084 quibus
339 2035 552 2072 consentiens
572 2035 710 2081 August.
730 2035 770 2070 de
784 2037 916 2072 civitate
941 2039 1003 2073 Dei
1019 2038 1080 2074 lib.
1109 2052 1165 2077 22.
1184 2037 1265 2078 haec
1290 2043 1355 2078 aix:
1396 2055 1499 2089 neque
1526 2052 1606 2077 tunc
1623 2040 1690 2086 fitb

74 2086 333 2136 imperatoribus
356 2087 496 2123 ethnicis
530 2087 652 2120 civitas
673 2085 812 2132 Chrzsti,
828 2087 978 2134 quamvis'
988 2092 1274 2138 peregrinaretur
1291 2095 1331 2128 in
1351 2096 1474 2130 terris,
1500 2101 1534 2126 et
1552 2090 1691 2127 haberet

74 2147 143 2174 tam
158 2149 352 2187 magnorum
371 2139 509 2184 agmina
527 2136 747 2183 populorum,
775 2135 935 2181 adversus
951 2140 1067 2184 impios
1086 2143 1343 2191 persequutores
1362 2155 1426 2189 pro
1434 2143 1546 2188 salute
1568 2151 1689 2186 tempo-

73 2188 147 2224 rali
157 2189 351 2235 pugnavit,
371 2185 437 2232 sed
449 2188 559 2232 potius
579 2194 617 2220 ut
633 2184 801 2220 obtineret
819 2194 1002 2225 aeternam,
1019 2200 1083 2223 non
1101 2194 1322 2240 repugnavit.
1359 2190 1593 2240 Ligabantum
1623 2200 1689 2224 cae-

76 2233 262 2279 debantur,
288 2235 547 2274 includebantur
562 2258 573 2276 ‚
599 2233 862 2283 torquebantur,
896 2235 1102 2280 urebantur,
1135 2240 1378 2280 laniabantur.
1407 2239 1689 2280 trucidabantur,

1603 2297 1636 2324 et
