2022 2733
312 225 816 263 DISSERTATIONES
844 225 1449 278 HISTORICAE.D1ss2u2.11.
1587 242 1653 276 236

92 311 227 347 delibus
256 310 410 354 obediri,
460 314 610 358 itemque
632 322 732 354 vetat,
752 325 792 348 ne
807 313 929 349 mulier
947 310 1186 353 fidelis'virum
1202 316 1373 354 infidelem
1392 319 1578 365 relinquat3
1606 320 1701 368 jubet

85 361 193 397 servis
209 360 378 403 fidelibus,
387 372 425 397 ut
443 362 603 397 obediant
621 362 771 398 dominis
787 361 873 404 suis,
901 376 980 410 quia
998 364 1078 401 haec
1093 363 1204 401 officia
1220 365 1296 402 sunt
1314 368 1500 408 necessaria,
1683 409 1686 412 ,

235 413 283 446 Ex
301 411 559 458 his-intelligere
579 412 677 447 datur
694 413 879 458 proprium
906 425 938 448 et
963 415 1168 460 primarium
1195 414 1355 453 effeaum
1379 418 1704 454 excommunicatio-

85 460 137 495 nis
162 457 225 494 effe
254 460 476 497 exclusionem
493 474 511 496 a
529 461 621 509 jure,
642 461 734 505 quod
759 461 860 496 habet
876 464 951 506 quis
978 463 1012 498 in
1030 464 1185 500 societate
1204 464 1356 502 fidelium
1374 479 1407 502 et
1422 467 1699 515 christianorum„

83 520 116 544 et
130 510 360 556 privationem
383 523 502 546 eorum
522 509 726 550 officiorum,
747 522 832 554 quae
857 510 1043 546 christianis
1071 514 1258 554 debentur,
1292 527 1330 550 ut
1357 517 1574 554 eucharistia,
1608 529 1700 565 com,-

81 559 246 594 munibus
257 560 427 606 precibus.
454 560 697 595 Secundarium
709 570 789 594 vero
802 557 961 595 effestum
980 571 1010 594 et
1029 563 1145 596 minus
1162 564 1347 608 proprium
1362 566 1453 608 quod
1470 563 1555 613 juris
1576 565 1699 601 estten-

83 619 157 644 tum
173 609 314 654 pofitivi
332 610 423 645 hunc
441 608 518 649 esse,
546 620 674 644 utcum
687 609 984 645 excommunicatis
994 607 1224 651 familiaritas,
1254 612 1431 648 convistus
1441 625 1473 649 et
1484 614 1697 660 colloquium

83 670 153 694 non
174 660 328 696 ineatur,
356 657 491 703 quando
510 657 601 692 nulla
619 656 786 692 neceffitas
801 668 858 693 aut
878 657 1004 693 utilitas
1025 658 1065 693 ad
1089 660 1124 694 id
1140 661 1240 705 cogit.

235 710 329 743 Hinc
347 708 428 743 olim
448 707 551 753 longe
568 704 751 742 distrifflus
760 719 994 754 praeceptum,
1012 720 1049 743 ut
1065 721 1257 745 arcerentur
1273 712 1556 749 excommunicati
1574 725 1591 748 a
1609 714 1704 761 syna⁴

81 757 180 792 xibus
202 769 232 792 et
249 758 407 804 precibus
425 756 684 794 communibus,
712 770 815 802 quam
835 769 873 793 ut
889 759 1110 803 privarentur
1125 758 1301 796 consortio
1317 760 1499 805 familiari;
1535 763 1626 797 unde
1646 777 1701 798 ex-

81 808 347 843 communicatio
368 805 569 842 describitur
589 819 650 852 per
666 806 820 853 priorem
841 805 1018 849 effigium,
1047 821 1117 844 non
1135 822 1198 856 per
1218 809 1455 856 posteriorem.
1507 812 1702 849 Tertull.i12

80 856 306 904 apologetico
359 857 532 905 Magnum
551 857 666 892 divini
677 855 806 903 judicii
821 858 1074 904 praejudicium
1094 860 1155 906 est,
1182 859 1212 906 fi
1235 862 1309 909 quis
1339 863 1390 896 ita
1409 861 1601 910 deliquerit,
1618 871 1656 897 ut
1678 875 1699 897 a

84 909 373 942 communicatione
390 909 553 942 orationis
569 915 602 941 et
620 908 795 953 communis
814 910 998 942 commercii
1014 910 1198 957 relegetur.
1251 909 1469 945 Firmilianus
1489 912 1522 945 in
1543 911 1637 957 epist.
1657 912 1701 948 ad

80 949 293 1004 Cyprianum
313 957 358 990 ait
375 954 587 1002 Stephanum
607 955 734 1000 legatos
751 953 931 991 Afrorum
946 968 988 991 ne
1004 959 1136 1004 quidem
1161 958 1208 993 ad
1234 961 1425 1006 colloquium
1440 960 1539 1005 suurn
1556 961 1701 1007 admisis-

76 1006 131 1052 se,
159 1013 192 1039 et
203 1005 310 1043 adhuc
324 1005 541 1052 praecepisse,
561 1016 602 1039 ne
618 1007 690 1051 quis
712 1017 763 1040 eos
780 1008 815 1039 in
831 1005 959 1040 domum
969 1007 1064 1049 suam
1083 1010 1268 1053 reciperet:
1301 1008 1365 1048 Ut,
1395 1009 1524 1054 inquit,
1562 1014 1697 1046 venien-

81 1052 170 1088 tibus
191 1053 376 1098 non'solum
391 1066 460 1099 pax
476 1062 509 1087 et
530 1055 727 1092 communi0‚
749 1052 812 1097 sed
828 1063 861 1087 et
878 1055 998 1089 tei-lum
1017 1064 1050 1089 et
1070 1057 1250 1101 hospitium
1274 1066 1470 1104 negaretur.
1531 1059 1635 1093 Vides
1663 1061 1699 1094 in

81 1114 196 1137 mente
212 1102 402 1137 Firmiliani
419 1103 609 1148 proprium
627 1099 785 1136 effeuum
804 1104 1162 1138 excommunicationis
1179 1117 1248 1139 non
1264 1104 1325 1140 esse
1341 1105 1598 1153 denegationem
1617 1106 1697 1144 testi

83 1163 114 1186 et
133 1150 292 1198 hospitii}
348 1150 628 1196 quandoquidem
656 1162 842 1196 utrumque
861 1150 1048 1197 distinguit.
1102 1154 1199 1188 Hinc
1217 1155 1251 1188 in
1271 1156 1456 1191 canonibus
1476 1159 1624 1202 antiquis
1646 1158 1697 1193 di.

81 1198 227 1235 striffius
245 1197 471 1246 prohibetur,
502 1213 543 1234 ne
561 1200 636 1244 quis
656 1211 729 1234 oret
747 1211 822 1233 cum
842 1203 1148 1242 excommunicato,
1181 1215 1239 1237 aut
1265 1204 1299 1237 in
1328 1204 1494 1240 ecclesiam
1520 1219 1597 1242 eum
1615 1208 1696 1243 reci-

79 1250 170 1296 piat,
201 1261 302 1293 quam
321 1262 364 1282 ne
383 1250 458 1293 quis
479 1260 558 1282 cum
577 1248 616 1281 iis
633 1248 812 1281 manducet
830 1258 860 1281 et
878 1248 1113 1293 colloquatur3
1140 1252 1238 1296 prius
1258 1253 1348 1286 enim
1367 1256 1506 1289 vetitum
1526 1255 1572 1290 est
1589 1269 1615 1291 c.
1639 1268 1696 1300 33.

83 1297 290 1345 apostolico,
315 1318 317 1321 ·
343 1296 479 1332 concilii
504 1296 705 1342 Laodiceni,
742 1306 769 1332 c.
798 1306 850 1339 33.
878 1296 1109 1332 Antiochenae
1127 1298 1250 1346 synodi
1275 1313 1303 1335 1.
1322 1312 1348 1335 c.
1371 1314 1402 1336 2.
1423 1304 1696 1349 Carthaginenfis

82 1359 176 1383 conc.
195 1359 227 1390 4.
248 1359 283 1383 c..
297 1359 352 1391 73.
407 1348 446 1380 In
467 1345 538 1385 his,
559 1346 726 1389 inquam,
753 1356 784 1379 et
802 1345 874 1379 aliis
894 1344 994 1392 supra
1011 1346 1117 1381 citatis
1133 1347 1192 1383 sub
1210 1361 1322 1395 poena
1339 1355 1699 1390 excommunicationis

81 1397 297 1444 prohibetur,
315 1410 355 1431 ne
369 1397 443 1440 quis
463 1406 536 1430 oret
559 1406 636 1429 cum
658 1396 975 1443 cxcontmunicatis3
1001 1407 1035 1430 at
1051 1398 1107 1431 vix
1125 1410 1160 1432 ac
1179 1411 1221 1433 ne
1242 1400 1298 1434 vix
1309 1400 1446 1445 quidem
1460 1402 1610 1438 eamdem
1621 1416 1701 1450 poe-

80 1460 158 1482 nam
176 1448 324 1492 antiquis
345 1443 532 1480 canonibus
553 1443 704 1479 statutam
717 1443 804 1489 leges
823 1445 856 1478 in
875 1457 942 1483 eos,
963 1446 1022 1489 qui
1041 1458 1118 1481 cum
1137 1451 1438 1485 excommunicatis
1457 1451 1572 1487 cibum
1591 1451 1700 1488 sume·

81 1507 176 1539 rent3
204 1496 257 1531 sed
276 1494 522 1531 recentioribus
542 1505 671 1528 tantum
683 1493 880 1535 canonibuf,
897 1506 933 1529 ut
958 1495 1093 1531 concilii
1120 1498 1329 1543 Epaonensis
1353 1512 1379 1534 c.
1404 1512 1458 1545 ις.
1499 1501 1698 1538 Antifiodo-

80 1544 182 1581 renfis
205 1543 260 1590 39'.
314 1546 426 1584 Hinc,
456 1554 492 1578 ut
509 1543 575 1589 jam
595 1541 680 1581 dixi,
708 1541 859 1587 theologi
874 1544 995 1579 docent
1013 1558 1080 1580 non
1093 1544 1154 1581 effe
1172 1546 1212 1581 de
1229 1548 1302 1595 jure
1319 1545 1436 1586 divino
1446 1552 1550 1586 vitare
1566 1564 1696 1587 excom*

80 1596 282 1637 municatos,
300 1594 413 1639 quoad
428 1591 535 1628 officia
547 1590 674 1628 civilia,
702 1588 758 1624 sed
778 1602 908 1627 tantum
936 1606 1007 1628 rem
1033 1592 1096 1629 eise
1119 1595 1206 1643 juris
1236 1597 1391 1635 humani.
1443 1600 1632 1637 Almainus
1658 1604 1695 1637 in

80 1644 138 1680 lib.
159 1645 199 1679 de
215 1644 330 1690 potest.
346 1641 454 1677 eccles.
475 1653 506 1676 et
521 1640 622 1680 laica,
656 1651 687 1683 q·
708 1652 736 1675 1·
795 1639 968 1681 Tertium,
1000 1644 1131 1688 inquit,
1157 1648 1380 1689 corollarium,
1409 1650 1497 1698 quod
1512 1652 1691 1698 sequitur,

81 1695 144 1734 ait,
173 1693 214 1739 est
231 1693 316 1742 quod
332 1694 444 1726 vitare
459 1691 768 1726 excommunicatum
786 1698 944 1737 quantum
963 1691 1008 1730 ad
1022 1694 1284 1737 collocutionem,
1314 1706 1347 1732 et
1362 1699 1420 1732 illa
1438 1701 1613 1746 quaesunt
1628 1711 1692 1734 me-

78 1754 117 1777 re
136 1743 253 1777 civilia
272 1754 335 1776 non
350 1740 488 1776 videtur
505 1740 564 1785 effe
582 1738 718 1784 dejure
735 1737 864 1773 divino.
917 1742 1002 1775 Item
1022 1753 1052 1785 q.
1077 1754 1105 1776 2.
1125 1755 1151 1777 c.
1174 1756 1227 1780 12.
1280 1745 1439 1781 Habetur
1457 1759 1497 1782 ex
1513 1750 1626 1784 multis
1645 1758 1692 1784 te-

32 1814 35 1818 ·
72 1790 179 1839 stibus
196 1800 230 1826 et
246 1803 287 1826 ex
304 1790 474 1837 praefica,
502 1788 590 1836 quod
600 1789 793 1834 familiaris
810 1792 1081 1825 excommunicati
1099 1793 1236 1838 poffunt
1258 1798 1476 1841 participare
1499 1810 1568 1832 cum
1594 1809 1628 1833 ρο
1646 1798 1694 1835 ad

78 1843 188 1876 minus
200 1838 414 1875 incivilibus.
467 1840 613 1886 Joannes
631 1836 763 1871 Driedo
787 1836 827 1871 de
844 1837 954 1872 libert.
980 1838 1091 1876 christ.
1118 1853 1143 1875 c.
1169 1854 1224 1884 14.
1276 1843 1418 1879 videtur
1433 1846 1549 1893 sequi,
1576 1859 1631 1882 nos
1647 1859 1690 1882 ex

81 1890 309 1937 constitutione
319 1890 413 1935 juris
430 1887 546 1923 divini
561 1899 626 1922 non
639 1886 817 1933 prohiberi
834 1900 901 1921 cum
920 1888 1095 1924 haereticis
1112 1890 1212 1926 edere
1236 1900 1269 1926 et
1286 1891 1417 1932 bibere,
1444 1895 1533 1942 quod
1548 1899 1694 1943 manife-

74 1939 162 1987 stum
175 1939 319 1974 videtur
337 1939 452 1973 multis
465 1937 655 1982 sauciorum
674 1937 848 1983 exemplis,
875 1939 934 1984 qui
949 1941 1228 1976 communicarunt
1238 1940 1379 1982 Juliano
1397 1945 1596 1990 imperatori
1614 1958 1693 1992 apo-

74 1988 185 2036 statae
201 1991 236 2024 in
253 1987 321 2022 cibo
337 1997 370 2023 et
383 1995 466 2034 potu
480 2012 487 2028 2
503 1998 553 2020 ‘ac
576 1986 675 2020 etiam
695 1986 731 2019 in
751 1985 951 2020 militaribus
970 1984 1116 2029 auibus,
1169 2001 1206 2024 ut
1233 2001 1324 2036 patet
1347 2004 1385 2026 ex
1410 1991 1564 2029 doRrina
1588 1994 1688 2041 Aug.

76 2038 136 2072 XI.
158 2036 279 2083 quaest.
301 2048 330 2080 3.
348 2048 375 2071 c.
429 2036 589 2076 Julianus
609 2043 673 2073 etc..
692 2037 920 2082 imperatores.
976 2037 1152 2084 Cajetanus
1180 2041 1214 2073 in
1233 2040 1346 2075 locum
1365 2043 1549 2087 evangelii:
1575 2042 1613 2078 sit
1630 2044 1692 2079 tibi

81 2085 164 2124 ficut
187 2087 340 2122 ethnicus
366 2096 397 2120 et
421 2084 639 2130 publicanus„
671 2079 865 2122 Libenter,
898 2085 1028 2130 inquit,
1065 2087 1217 2123 viderem
1240 2091 1382 2134 servari
1407 2092 1490 2127 hanc
1513 2092 1691 2134 definitam
1739 2124 1749 2133 ,

83 2148 104 2170 a
132 2138 214 2182 Jesu
239 2135 367 2184 Christo
391 2136 594 2180 sententiam
630 2142 662 2171 et
695 2146 830 2180 poenam
865 2147 928 2169 non
972 2136 1186 2173 audientium
1219 2138 1393 2186 ecclesiam,
1436 2142 1522 2188 quod
1560 2143 1689 2186 scilicet

85 2185 243 2233 sufficeret
269 2197 320 2220 eos
349 2183 466 2220 haberi
488 2193 527 2220 ut
552 2184 713 2220 ethnicos,
764 2184 820 2218 hoc
846 2184 887 2230 est
911 2193 948 2218 ut
972 2185 1032 2231 ipfi
1058 2186 1188 2233 quidem
1217 2199 1258 2222 ex
1283 2191 1321 2222 vi
1345 2194 1687 2226 excommunicationis

85 2232 348 2271 haberenturui
373 2235 498 2269 ethnici
527 2242 559 2269 et
586 2231 760 2280 publicani
787 2241 821 2267 et
846 2245 911 2267 non
936 2234 1194 2271 includerentur
1222 2240 1427 2278 innocentes,
1462 2241 1629 2286 loquentes
1654 2250 1688 2276 et

86 2283 280 2319 comedentes
305 2283 374 2319 cum
401 2280 467 2322 cii,
494 2285 571 2331 quia
597 2279 720 2318 nullum
744 2291 911 2367 peccatgm
938 2285 1116 2320 incurrunt
1142 2286 1309 2335 loquentes
1335 2295 1368 2323 et
1394 2285 1591 2324 comedentes
1617 2302 1687 2325 cum

909 2343 930 2380 g
960 2344 976 2366 2
1527 2338 1637 2373 ethni-
