2012 2718
297 188 819 243 DISSERTATIONES
840 174 1391 241 HtsToR10A2.Dmm-.
1420 204 1467 244 11.
1596 220 1663 257 ης

82 270 251 327 fiqun'tlem
264 276 351 322 fides
367 279 428 328 est,
456 289 491 316 et
509 281 694 315 animorum
709 293 775 316 una
794 284 960 332 consensio.
994 286 1117 335 Neque
1142 299 1258 327 contra
1275 293 1537 344 spefiatzffimum
1553 301 1714 351 collegam

88 335 223 373 patrem
243 336 337 364 tuum
354 330 533 378 quidquam
553 330 669 365 moliri
681 330 863 376 poffumus.
923 336 1234 386 Ergo‘presbyteri
1249 341 1300 377 illi
1319 345 1465 381 Romani
1485 347 1597 384 edosti
1617 362 1712 389 erant

90 373 133 410 ab
149 374 330 422 apostolis,
360 390 391 414 et
408 391 529 414 eorum
548 377 889 422 succefforibuS,non
916 384 1012 430 posse
1039 389 1237 426 Romanum
1250 391 1382 430 clerum
1406 406 1463 432 aut
1481 397 1677 447 episcopum
1695 428 1710 443 2

90 422 273 463 hominem
290 426 332 463 ab
349 427 420 464 alio
443 427 610 476 episcopo
628 431 873 466 communione
887 435 1083 479 privatum,
1119 437 1187 474 {ine
1214 440 1317 488 hujus
1346 444 1496 493 episcopi
1520 447 1627 497 jussu,
1655 452 1709 490 vel

89 473 216 511 nisensu
234 479 471 514 communioni
493 476 677 514 restituere.
729 480 834 525 Quod
864 480 888 518 fi
913 484 1128 521 credidissent
1158 489 1416 535 adpellationiS,
1445 508 1502 532 aut
1528 499 1708 537 revisionis

85 522 139 574 jus
156 523 220 561 fibi
237 526 312 573 jure
329 527 448 564 divino
466 539 678 575 competere,
696 525 763 563 fine
779 529 932 577 episcopi
950 533 1077 570 assensu
1097 534 1358 584 confugientem
1378 543 1419 577 ad
1437 542 1471 580 se
1486 550 1706 590 Marcionem

86 572 242 623 judicare
260 577 465 623 potuissent,
493 590 550 612 aut
569 577 684 613 saltem
707 577 840 615 causam
871 580 947 629 ejus
975 582 1223 622 retractandam
1251 589 1443 628 decernere.
1497 599 1575 633 Nec
1604 600 1707 645 dicas,

85 625 306 662 Marcionem
324 627 568 662 communioni
589 626 781 664 restitutum
801 641 819 663 a
834 632 1014 670 Romanis,
1040 644 1078 668 ut
1096 633 1186 670 testis
1208 636 1255 673 est
1279 641 1431 677 Tertull.
1459 644 1519 683 lib.
1545 647 1588 682 de
1605 661 1706 695 prae-

84 670 204 719 script.
223 687 297 721 cap.
320 687 375 720 30.
395 675 599 722 Postmodum
611 701 620 718 ,
636 677 769 722 inquit,
786 678 872 714 idem
890 681 1055 717 Marcion
1064 687 1313 730 poenitentiam
1330 693 1510 740 confqffus,
1537 710 1607 733 cum
1629 712 1706 737 con·

85 722 219 759 ditioni
236 725 339 760 datae
346 725 414 773 fibi
432 728 579 761 occurrit
593 750 605 765 ‚
619 728 682 761 ita
696 739 809 773 pacem
825 739 1039 777 recepturus,
1055 733 1090 780 st
1103 743 1251 772 caeteros
1267 764 1276 779 ,
1312 753 1392 789 quos
1411 745 1608 790 perditioni
1629 761 1706 786 eru.

85 771 202 819 diffet,
229 775 372 822 ecclestae
388 776 580 822 restitueret
595 800 604 817 ‚
640 787 747 813 mor-te
767 789 979 825 praeventus
1001 782 1055 829 est.
1110 786 1182 830 Qui
1208 789 1299 823 enim
1323 789 1359 825 id
1375 790 1508 836 dicunt,
1529 797 1706 835 advertere

82 822 162 856 noti*
174 822 338 860 videntur
352 827 570 861 Marcionem
591 837 610 860 a
629 837 726 872 patre
745 839 815 862 non
833 827 898 865 effe
916 836 1247 872 excommunicatum
1268 837 1313 873 ob
1332 839 1515 888 haerefim;
1532 844 1588 881 sed
1607 849 1704 893 quod

85 871 257 917 virginem
276 873 501 921 corrupiffet3
528 885 560 910 et
576 886 657 911 tunc
674 887 809 913 tantum
826 878 869 916 ad
886 880 1079 919 Cerdonem
1098 883 1274 929 defecisse,
1291 900 1369 925 cum
1388 892 1513 930 viderit
1527 894 1587 930 fibi
1606 909 1703 935 com.

84 921 262 958 munionis
281 923 372 971 spem
392 924 454 960 effe
475 924 692 971 prceclusam.
752 930 862 964 Porro
891 931 1065 971 conditio,
1093 934 1134 970 de
1163 948 1231 981 qua
1259 937 1416 984 loquitur
1445 945 1702 993 Tertullianus,

83 968 143 1005 diu
158 971 236 1017 post
254 973 290 1008 id
306 985 442 1020 tempus
461 976 492 1008 ei
510 973 622 1010 oblata
643 974 689 1010 est
709 976 885 1013 Eleutheri
903 984 1137 1026 temporibus,
1165 997 1232 1030 pro
1251 987 1343 1023 bono
1360 993 1472 1036 pacis,
1501 1005 1533 1030 et
1548 996 1589 1031 ad
1613 999 1701 1034 mul-

83 1029 204 1055 torum
222 1019 375 1060 salutem.
427 1023 575 1058 Videtur
599 1034 734 1062 autem,
766 1037 843 1060 ante
859 1026 949 1062 istud
971 1040 1109 1076 tempus
1135 1033 1309 1071 restitutus
1331 1036 1430 1075 fuisse
1458 1048 1699 1086 communioni

83 1079 226 1114 parente
246 1069 308 1107 suo
326 1071 450 1108 scilicet
473 1071 684 1114 affentiente3
713 1073 863 1119 alioquin
881 1077 973 1112 enim
992 1090 1061 1113 non
1078 1077 1193 1117 fuisset
1216 1095 1392 1132 receptuS,
1421 1102 1484 1127 nec
1509 1095 1615 1142 recipi
1642 1097 1699 1133 de-

81 1116 221 1160 buisset,
249 1132 288 1156 ut
305 1120 433 1156 constat
461 1134 500 1156 ex
527 1119 700 1156 seniorum
727 1122 870 1159 istorum
897 1125 1071 1172 responso.
1126 1132 1231 1175 Quod
1255 1146 1366 1173 eutem
1395 1138 1484 1179 dixi,
1511 1155 1589 1179 eum
1606 1146 1698 1183 inter

81 1169 220 1215 Hygini
238 1168 270 1203 et*
290 1171 464 1205 Eleutheri
476 1168 717 1214 pontificatum
738 1184 916 1225 receptum
934 1175 1031 1209 fuisse
1047 1178 1082 1211 in
1101 1185 1383 1221 communionem
1401 1200 1419 1222 a
1436 1192 1600 1228 Romanis
1617 1205 1697 1232 con·'

76 1215 243 1251 sentiente
262 1228 378 1263 patre,
406 1230 445 1251 ex
463 1216 682 1251 Tertulliano
702 1218 893 1262 colligitur,
920 1223 979 1264 qui
998 1223 1096 1261 dicit,
1115 1238 1192 1260 eum
1210 1229 1268 1270 sub
1284 1232 1471 1272 Eleuthero
1488 1252 1557 1275 cum
1573 1242 1694 1281 dueen-

76 1267 122 1301 εἰς
138 1265 186 1301 H.
212 1266 247 1303 S.
267 1269 358 1313 Juis,
385 1278 468 1316 quae
492 1264 638 1313 ecclefiae
659 1267 842 1307 intulerat,
879 1269 1046 1318 novzffime
1070 1275 1108 1309 iu
1129 1285 1338 1323 perpetuum
1367 1282 1538 1333 diffidium
1564 1293 1696 1343 relegaq

77 1322 157 1351 tum.

461 1435 522 1476 De
545 1435 648 1487 causa
673 1435 879 1488 Astanorum
905 1440 996 1480 circa
1021 1441 1108 1482 diem
1126 1445 1289 1498 pasahae.

70 1558 541 1654 Antiquffima‚quorum
559 1572 728 1608 memoria
751 1582 858 1615 extat,
876 1577 1019 1613 eoncilia
1044 1582 1310 1626 provinciarum
1326 1597 1364 1623 ea
1380 1587 1476 1630 sunt,
1503 1591 1539 1629 in
1561 1596 1688 1643 quibu.

220 1618 335 1654 astum
353 1620 391 1654 de
411 1620 639 1658 celebratione
657 1621 810 1667 paschae.
862 1626 952 1661 Cum
969 1629 1060 1664 enim
1086 1634 1179 1668 varia
1204 1633 1285 1671 effer
1299 1637 1391 1673 inter
1420 1641 1566 1680 ecclesias
1586 1648 1687 1685 disci.

70 1669 166 1718 plina
187 1670 275 1704 cirea
303 1668 567 1705 celebrationem
586 1670 742 1717 paschae,
771 1685 834 1719 per
851 1677 1048 1720 provincias
1066 1681 1228 1719 celebrata
1249 1683 1327 1722 sunt
1347 1690 1505 1731 concilia,
1528 1694 1598 1732 line
1611 1698 1687 1748 jus.

69 1719 111 1756 su
131 1730 164 1755 et
188 1717 317 1754 assensu
338 1720 483 1754 Romani
499 1719 673 1766 pontificis
693 1747 702 1762 ,
728 1733 761 1757 et
776 1724 811 1758 in
830 1724 873 1759 iis
890 1725 1155 1776 uniuscujusque
1177 1737 1378 1780 provinciae
1403 1740 1554 1791 episcopi
1585 1748 1685 1786 disci·

73 1769 226 1818 punam,
254 1777 341 1813 quae
367 1767 429 1803 fibi
457 1771 567 1815 magis
595 1770 1023 1814 arridebat‚sanciverunt.

219 1819 309 1854 Cum
332 1828 445 1853 autem
468 1817 592 1856 Vistor
605 1824 780 1857 Romanus
800 1822 978 1873 episcopus
997 1827 1033 1862 in
1049 1828 1192 1866 Asianos
1209 1844 1406 1874 commotus
1424 1852 1509 1878 cosa
1528 1855 1684 1885 eommu-

23 1877 29 1883 ”
69 1868 171 1904 aione
189 1866 245 1903 sua
262 1866 474 1910 removisset,
502 1881 572 1904 non
588 1871 694 1906 modo
710 1871 826 1908 Asiani
843 1876 1014 1924 episcopi,
1031 1877 1118 1915 hanc
1134 1881 1206 1929 ejus
1224 1891 1614 1931 excommunicationem
1633 1898 1682 1933 ir.

66 1919 170 1955 eitam
196 1915 260 1953 ess'e
278 1916 468 1959 duxerunt,
499 1917 557 1954 sed
579 1921 686 1956 etalii
710 1922 812 1958 multi
837 1924 1008 1974 episcopi,
1034 1940 1073 1963 ac
1098 1931 1298 1976 praesertim
1317 1938 1475 1976 Irenaeus
1501 1955 1533 1979 et
1558 1946 1652 1983 Galli
1667 1971 1682 1987 .

67 1968 130 2014 qui
161 1968 313 2003 eamdem
347 1979 426 2003 eum
456 1972 608 2006 Romana
636 1970 769 2008 ecclelia
795 1972 1010 2022 disciplinam
1028 1977 1280 2025 sequebantur,
1347 1987 1424 2037 ejus
1447 1990 1578 2031 fastum
1596 1998 1681 2033 acri.

66 2027 120 2053 ter
136 2016 454 2064 reprehenderunt,
483 2020 739 2070 Vifx'oremque‚
765 2024 882 2069 inquit
903 2025 1068 2063 Eusebius
1083 2054 1093 2070 ‚
1120 2043 1336 2078 monuerunt,
1365 2047 1404 2074 ut
1420 2051 1459 2076 ea
1476 2046 1594 2090 potius
1603 2047 1679 2091 scm

65 2069 136 2104 tire
154 2068 275 2108 vellet,
303 2080 389 2116 quae
394 2071 472 2115 paci
487 2078 521 2104 et
538 2073 680 2112 unitati,
692 2073 917 2123 charitatique
935 2088 1022 2125 erga
1033 2081 1221 2124 proximum
1242 2086 1483 2134 congruebant.
1544 2093 1678 2132 Extant

65 2119 246 2152 etiamnum
263 2141 273 2155 .
298 2118 411 2163 inquit
437 2118 548 2160 idem,
572 2132 685 2156 eorum
707 2123 865 2165 litterae,
897 2125 1017 2173 quibus
1043 2128 1215 2166 Vmorem
1241 2133 1389 2172 acerbius
1408 2141 1676 2191 perstringunt:

68 2166 161 2209 quod
181 2165 204 2202 fi
222 2177 295 2202 tum
313 2169 484 2214 temporis
502 2170 538 2204 in
556 2182 655 2205 more
670 2170 822 2217 politum
846 2172 959 2210 fuiffet
981 2175 1068 2212 nihil
1092 2179 1231 2224 gravius
1256 2181 1301 2217 ad
1330 2184 1545 2234 disciplinam
1568 2195 1678 2239 perti.

67 2225 151 2249 nens
166 2239 176 2254 ,
200 2214 267 2251 fine
287 2219 434 2252 Romani
448 2218 626 2264 pontificis
642 2223 825 2258 autoritate
847 2223 1044 2265 decernere,
1069 2225 1094 2261 fi
1113 2226 1247 2265 Vistori
1262 2229 1393 2271 licitum
1414 2237 1531 2276 fuiffet
1547 2241 1673 2289 judici·

65 2263 105 2299 in
122 2262 200 2301 Asia
212 2262 278 2312 1¹3⁸
292 2265 497 2310 remane.
531 2267 556 2306 fi
570 2268 686 2308 Alieni
699 2270 885 2311 debuiffent
892 2286 1013 2361 pssrere
1027 2274 1172 2325 judiciis
1187 2291 1207 2318 ι
1222 2283 1382 2332 Romano
1397 2287 1571 2348 episcopo⁴
1581 2291 1672 2337 1252,

962 2337 983 2361 ²
1554 2350 1622 2385 ,¹1²-
