2023 2760
449 194 954 232 DJSSERTATmNES
983 198 1326 235 HISTORICAE.
1582 209 1624 244 73

69 285 229 333 objicirur
254 310 264 326 ,
315 282 560 319 suburbicarias
597 284 791 329 provincias
828 284 868 319 ab
908 287 1101 321 annonariis
1151 287 1322 336 distingui.
1402 292 1441 325 Ec
1475 297 1563 322 certe
1596 286 1674 322 istas

67 333 355 382 praestati011Ibus
382 333 577 369 annonaxiis
629 331 792 380 subjefiias
823 332 936 375 fuisse,
998 336 1135 371 testatur
1161 338 1213 372 lex
1253 352 1303 384 ¹4-
1331 340 1470 376 Codicis
1508 337 1676 372 Theodo-

67 384 150 419 fiani
184 384 226 419 de
269 383 494 431 indulgentiis
536 382 722 417 debitorum
740 408 748 423 ‚
785 383 842 417 lib.
889 397 920 427 9.
965 387 1013 420 tit.
1053 394 1106 426 28.
1132 411 1140 424 ,
1201 401 1266 433 qua
1312 391 1492 424 Honorius
1527 388 1678 433 impera-

68 443 125 471 tor
150 459 158 474 ,
187 434 452 469 annonariarum
488 429 710 467 funfftionum
742 434 873 478 reliqua
906 434 1147 471 suburbicariis
1182 439 1383 481 regionibus
1410 438 1556 474 indulsit.
1609 439 1677 471 Ita-

65 496 132 529 que
155 482 310 529 primum
336 480 458 517 falsum
487 481 532 516 est
556 507 563 522 ‚
625 480 717 526 quod
737 482 920 518 adversarii
945 482 1082 520 sumunt
1104 480 1261 531 region—es
1283 489 1526 523 suburbicarias
1552 485 1591 521 ab
1617 499 1676 519 an-

67 534 220 568 nonariis
238 530 408 567 distinRas
428 531 534 566 fuisse.
587 534 632 565 At
649 544 725 570 cur,
753 532 931 578 inquiunt,
985 536 1021 569 in
1047 536 1167 569 notitia
1193 537 1347 582 imperii,
1366 577 1369 579 Α
1387 541 1510 572 Piceno
1543 543 1677 570 tantum

67 593 102 618 et
119 581 266 618 Tusciae
285 581 594 617 suburbicariarum
610 582 867 626 provinciarum
885 594 1012 617 nomen
1033 584 1242 630 imponitur,
1272 598 1302 621 et
1321 587 1480 631 quidem,
1506 597 1543 621 ut
1561 584 1677 619 distin-

69 643 225 680 guantur
243 645 260 666 a
280 633 404 667 Piceno
418 641 449 665 et
467 630 594 665 Tuscia
612 631 1052 677 annonariis?Responde0
1066 635 1146 668 haec
1165 636 1303 670 nomina
1332 636 1398 670 illis
1419 634 1482 670 esse
1502 634 1678 679 imposita,

66 692 105 717 ut
119 695 137 717 a
153 681 186 717 se
203 682 349 716 invicem
371 679 681 725 distinguerentur3
709 681 836 715 atinde
854 681 970 727 colligi
982 684 1111 728 nequit,
1124 683 1250 718 nullam
1273 698 1290 719 e
1313 686 1502 731 provinciis
1529 695 1677 719 annona‹

66 733 126 768 riis
144 728 246 766 fuisse
264 729 541 765 suburbicarum,
593 733 686 766 Nam
707 742 785 765 cum
804 729 949 766 trafftum
972 733 1124 768 Lutetiae
1144 735 1295 770 vicinum
1321 736 1498 770 Franciam
1519 733 1676 780 adpelle.

67 793 136 818 non
158 781 339 828 p‘ropterea
357 792 444 825 nego
463 779 542 814 alias
559 781 752 825 provincias
770 781 902 816 Galliae
918 781 958 815 ad
977 780 1154 818 Franciam
1173 785 1357 830 pertinere.
1384 787 1428 820 Et
1442 796 1531 819 certe
1547 795 1678 828 cogun-

63 841 121 867 tur
137 830 200 877 ipsi
219 828 403 865 adversarii
419 829 500 864 huic
525 840 728 874 argumento
748 830 956 876 respondere
974 845 980 864 :
1010 845 1087 868 nam
1106 835 1223 869 Latina
1240 836 1355 880 regio,
1376 846 1408 870 et
1426 834 1577 873 Valeria,
1597 844 1678 877 quas

62 879 307 917 suburbicarias
329 879 463 920 dicunt,
490 879 525 913 in
545 879 666 914 notitia
687 881 826 926 imperii
841 894 912 915 non
938 881 1155 928 adpellantur
1178 883 1440 920 suburbicariae.
1496 885 1566 918 Cur
1592 894 1678 928 ergo

64 942 171 976 quum
188 928 249 965 {int
266 940 411 974 quatuor
433 927 654 975 hujusmodi,
682 929 813 965 duabus
840 942 972 966 tantum
998 932 1033 966 id
1060 946 1186 968 nomen
1218 935 1416 979 imponitur
1433 935 1449 967 ἲ
1478 936 1588 969 Porro
1607 944 1678 967 non

62 979 98 1016 id
113 979 240 1015 idcirco
260 979 354 1018 dico,
381 978 472 1024 quasi
496 979 629 1014 credam
651 992 768 1013 omnes
787 981 945 1026 regiones
964 985 1166 1017 annonarias
1185 982 1283 1018 fuisse
1300 985 1399 1019 etiam
1417 982 1675 1018 suburbicarias:

65 1028 122 1064 sed
141 1030 220 1073 quia
238 1041 275 1062 ex
294 1026 535 1062 suburbicariis
571 1040 667 1062 erant
685 1029 851 1071 quaedam
877 1032 1102 1067 annonariae,
1138 1043 1170 1066 et
1196 1044 1235 1066 ex
1263 1033 1456 1067 annonariis
1508 1031 1678 1076 quaedam

65 1076 337 1117 suburbicariae,
382 1076 547 1120 quaedam
581 1088 661 1110 vero
680 1088 772 1118 non;
800 1076 840 1111 sic
856 1078 1016 1112 Picenum
1042 1082 1284 1121 annonarium,
1313 1080 1369 1116 seu
1395 1081 1578 1117 Flaminia,
1606 1091 1678 1114 non

67 1138 138 1163 erat
162 1125 416 1162 suburbicaria,
444 1135 475 1159 et
495 1125 620 1159 idcirco
640 1124 680 1159 ab
704 1125 771 1159 alio
790 1127 913 1160 Piceno
932 1127 997 1161 hoc
1015 1129 1154 1162 nomine
1174 1127 1406 1175 distinguitur.

216 1177 265 1210 Ex
282 1175 358 1219 lege
375 1174 418 1209 de
435 1175 532 1207 calcis
553 1173 736 1207 carioribus
754 1175 841 1208 nibil
863 1177 1004 1209 omnino
1026 1176 1185 1221 colligere
1203 1177 1358 1223 possunt,
1388 1191 1448 1214 nec
1462 1180 1553 1214 enim
1575 1177 1677 1214 habet

65 1224 124 1261 illa
145 1223 217 1263 lex,
245 1234 330 1267 quae
346 1220 409 1255 {int
426 1219 502 1254 istae
521 1232 669 1263 quatuor
692 1223 910 1264 provinciae,
950 1235 1033 1264 quas
1054 1224 1264 1259 veaurarios
1291 1240 1397 1270 equos
1425 1227 1678 1261 subministrare

64 1271 264 1320 oportebat,
294 1281 354 1304 nec
379 1270 439 1304 has
459 1279 587 1302 tantum
613 1267 868 1302 suburbicarias
889 1268 984 1303 fuisse
1002 1271 1095 1306 dicit.
1148 1275 1188 1307 Et
1209 1272 1285 1307 sane
1302 1275 1565 1310 'I‘erracinenscs
1581 1301 1588 1311 ,
1618 1276 1678 1318 qui

65 1321 296 1367 inCampania
313 1319 391 1354 sunt
405 1318 426 1353 l.
450 1330 478 1362 3.
500 1318 549 1352 tit.
570 1317 691 1352 eodem
711 1318 795 1352 inter
811 1330 868 1352 eos
890 1331 1133 1360 numerantur,
1155 1323 1211 1365 qui
1233 1322 1354 1358 calcem
1376 1323 1594 1368 praestabant.
1628 1326 1678 1358 Ex

65 1385 107 1409 eo
124 1384 222 1411 vero,
249 1368 343 1415 quod
363 1368 415 1402 lex
432 1368 490 1402 ista
507 1367 547 1402 ad
567 1364 780 1413 praefeffium
803 1367 896 1401 urbis
914 1368 1099 1412 dirigatur,
1119 1372 1261 1405 minime
1281 1370 1443 1417 sequitur,
1458 1372 1516 1407 has
1531 1385 1680 1418 quatuor

65 1422 259 1470 provincias
279 1419 350 1467 ejus
367 1418 490 1453 ditioni
510 1414 673 1464 subjeEias
692 1415 789 1451 fuiise
803 1443 810 1457 ,
839 1416 892 1452 sed
911 1418 951 1452 ad
973 1417 1144 1455 summum
1163 1433 1241 1456 eum
1264 1420 1446 1461 curavisse,
1467 1433 1504 1456 ut
1523 1422 1594 1456 calx
1612 1424 1681 1457 Ro-

65 1483 158 1508 mam
178 1469 380 1505 deferretur.
419 1467 524 1509 Quod
543 1479 625 1501 vero
643 1465 737 1500 aiunt
755 1464 1002 1503 suburbicarias
1022 1470 1181 1514 regiones
1209 1474 1249 1505 ab
1270 1472 1362 1506 Italia
1382 1484 1411 1507 et
1432 1470 1547 1506 Africa
1564 1470 1681 1506 distin-

66 1521 146 1569 gui,
173 1532 295 1555 verum
313 1515 376 1552 effe
394 1515 560 1553 fatemur,
586 1515 608 1549 si
633 1515 744 1549 ltaliae
761 1527 887 1550 nomen
908 1515 1019 1552 strifiie
1036 1517 1165 1557 sumas,
1194 1532 1231 1555 ur
1252 1521 1286 1555 in
1307 1523 1425 1556 notitia
1456 1521 1594 1566 imperii
1613 1533 1681 1566 pro

66 1571 257 1618 provinciis
277 1568 391 1603 ltaliae
408 1567 535 1601 vicario
562 1563 729 1611 subjeffls.
781 1568 826 1600 At
851 1578 904 1601 eas
931 1579 949 1602 a
974 1568 1083 1602 Sicilia
1111 1568 1274 1617 distingui
1300 1583 1483 1613 negamu33
1514 1583 1591 1605 narn
1621 1571 1681 1606 illa

67 1620 200 1655 vicario
225 1617 321 1653 urbis
350 1620 477 1651 Romae
495 1613 651 1660 parebat,
680 1625 717 1648 ac
742 1614 891 1659 proinde
909 1639 918 1653 .
944 1618 995 1652 uti
1020 1617 1178 1657 diximus,
1198 1622 1287 1655 inter
1315 1618 1563 1655 suburbicarias
1597 1631 1678 1657 erar.

69 1672 142 1705 Cur
165 1681 266 1713 ergo,
293 1667 442 1710 inquies,
496 1665 531 1698 in
547 1663 621 1709 lege
639 1663 680 1698 de
698 1664 993 1700 extraordinariis·
1005 1669 1213 1710 muneribus,
1250 1669 1305 1704 illa
1324 1669 1461 1704 seorsim
1483 1683 1502 1704 a
1521 1668 1680 1704 suburbi-

69 1719 168 1755 cariis
184 1716 427 1752 enumeratur?
454 1713 648 1759 Respondet
658 1712 925 1751 Sirmondus‚id
945 1727 1126 1761 propterea
1141 1716 1270 1754 fastum
1283 1745 1290 1758 ,
1322 1720 1414 1764 quod
1432 1719 1487 1754 iila
1506 1719 1605 1754 suum
1622 1719 1681 1754 ha-

69 1768 162 1804 beret
191 1764 391 1801 rationalem
409 1764 602 1810 privatum‚
656 1774 734 1797 cum
753 1774 903 1798 caeterae
922 1762 1173 1801 suburbicariae
1203 1768 1364 1804 haberent
1391 1768 1589 1803 rationalem
1615 1770 1688 1804 Ro..

70 1829 146 1853 mae
163 1841 172 1857 ,
230 1825 270 1850 ut
303 1811 429 1849 constat
472 1825 510 1847 ex
551 1813 672 1847 notitia
712 1813 850 1858 imperii
890 1811 968 1849 sest.
999 1825 1057 1858 43-
1121 1818 1161 1850 Et
1186 1815 1261 1852 sane
1280 1844 1288 1858 ,
1343 1830 1380 1852 ut
1425 1829 1683 1863 argumentatur

69 1866 164 1903 idem
205 1863 408 1900 Sirmondus
440 1861 601 1897 adversus
635 1861 828 1897 Salmafium
858 1875 866 1895 :
911 1863 949 1898 Si
991 1864 1140 1899 Siciliam
1183 1878 1203 1900 a
1240 1866 1489 1910 suburbicariis
1524 1869 1579 1903 lex
1622 1869 1684 1903 illa

67 1918 208 1965 penitus
227 1913 374 1950 excludit
391 1925 398 1945 :
425 1911 467 1947 de
486 1913 558 1960 lege
575 1914 687 1947 altera
702 1938 710 1953 ,
737 1925 819 1961 quae
836 1915 933 1948 unica
961 1913 1003 1960 est
1023 1917 1060 1948 in
1085 1914 1191 1949 codice
1219 1915 1459 1963 Theodosiana,
1488 1916 1510 1952 fi
1539 1930 1600 1963 per
1621 1917 1684 1952 ob-

72 1966 289 2012 reptionem,
316 1961 400 2011 quid
422 1961 549 2006 censes?
578 1961 714 2004 Quaero
731 1965 836 2001 enim,
866 1974 934 1996 cum
948 1963 1125 2009 praefeflo
1152 1963 1275 1999 Italiae
1293 1991 1301 2005 ,
1330 1975 1362 2000 et
1390 1967 1525 2014 Illyrici
1550 1969 1683 2013 praeci-

69 2009 126 2064 pit
147 2016 349 2060 imperator,
376 2010 794 2056 utperornnemltaliam,
823 2024 894 2046 tum
913 2012 1013 2046 etiam
1029 2024 1093 2058 per
1103 2013 1286 2049 urbicarias
1305 2012 1548 2061 Africanasque
1568 2017 1683 2062 regio-

72 2076 131 2100 nes
149 2087 159 2100 .
186 2075 224 2097 ac
242 2074 302 2108 per
320 2073 420 2095 omne
436 2059 612 2108 Illyricum
629 2086 636 2099 ‚
667 2073 773 2105 quum
801 2061 869 2103 (hoc
890 2061 948 2107 est,
975 2073 1037 2108 per
1054 2074 1160 2097 omnes
1174 2065 1415 2110 praefeHut-ae
1439 2067 1533 2101 illius
1560 2065 1690 2100 dioec&

65 2115 132 2160 Jes)
157 2113 266 2160 legem
280 2112 494 2158 promulget,
536 2110 686 2144 Siciliam
706 2122 802 2158 ecquo
816 2118 916 2156 putas
943 2111 1063 2146 harum
1089 2115 1242 2157 partium
1265 2116 1375 2158 capite
1400 2115 1590 2150 contineri?
1618 2115 1687 2150 Ex·

73 2163 192 2208 clusam
211 2163 315 2196 enim,
343 2162 480 2206 opinor,
505 2170 568 2194 non
586 2159 690 2200 dices,
717 2171 813 2206 quum
831 2159 954 2194 Italiae
969 2161 1146 2207 praefefffo
1163 2162 1318 2208 paruiffe
1337 2163 1488 2200 Siciliam
1507 2177 1570 2199 non
1591 2163 1688 2199 dubi-

75 2219 135 2246 tes.
185 2209 264 2253 Qua
284 2211 399 2258 igitur
423 2210 460 2243 in
485 2217 585 2254 parte
611 2210 876 2254 comprehensam
899 2214 1023 2254 putas?
1050 2209 1229 2257 Illyricone
1258 2224 1302 2246 an
1334 2213 1479 2260 Africa,
1507 2213 1689 2248 ridisulum

69 2259 292 2309 fiffufpicari
316 2273 324 2295 ε
351 2270 428 2299 nam
454 2256 580 2296 Italiae
606 2258 747 2307 insulam
769 2258 882 2307 fmffe
907 2259 1075 2302 Siciliam,
1111 2262 1185 2308 quis
1210 2261 1338 2308 nescit?
1387 2262 1457 2300 Sed
1474 2274 1544 2300 cum
1566 2262 1691 2298 Italiae

166 2332 169 2335 -
923 2309 951 2345 K
1553 2311 1640 2349 duae
