1982 2739
287 223 355 253 ω
558 191 628 251 οε
653 197 1255 255 ANrtouA'EchEsrAE
1282 199 1632 248 mscumma‘

240 309 302 356 qui
321 308 362 344 ab
380 303 531 342 ecclefiae
551 303 677 338 unitate
693 300 834 348 praecisi
857 300 952 342 sunt,
981 300 1110 335 adeam
1129 310 1360 342 revertantur3
1387 311 1424 334 ae
1439 294 1588 346 proinde
1612 302 1724 338 multo
1750 288 1862 349 maj&

241 361 272 398 ri
294 370 375 395 cura
391 355 578 392 cavendum
590 379 598 394 ,
626 364 668 386 ne
687 351 793 397 aliqui
812 351 852 386 ab
870 364 906 386 ea
923 350 1050 386 unitate
1071 362 1197 389 temere
1213 362 1268 385 aut
1289 351 1423 384 incaute
1441 349 1651 397 separentur,

390 406 455 442 sed
471 417 508 441 ut
525 403 677 451 apertius
697 401 901 448 explicetur,
930 400 1055 446 quibus
1074 402 1108 435 in
1126 400 1253 436 cafibus
1270 397 1373 440 ferri,
1401 411 1459 434 aut
1475 414 1544 436 non
1571 400 1657 436 ferri
1682 399 1784 448 poffit
1804 413 1860 436 ex-

243 457 507 494 communicatio
527 479 535 492 ,
563 455 651 488 circa
669 450 947 497 lingulas-causas
968 448 1327 486 excommunicationis
1345 462 1362 483 a
1380 449 1479 484 nobis
1495 450 1625 491 allatas,
1661 463 1766 497 pauca
1782 450 1860 486 sunt

243 506 462 545 obiervanda.
515 504 674 540 Diximus
692 503 828 548 primo,
858 511 1008 548 propter
1025 499 1185 535 haerefim
1203 500 1276 548 ejici
1296 499 1455 534 homines
1474 499 1515 535 ab
1534 498 1680 538 ecelesia,
1716 499 1774 535 sed
1795 500 1860 536 hoc

244 555 507 602 intelligendum
531 553 572 587 de
591 550 714 586 haereti
734 548 931 591 manifesta;
956 556 1018 584 nee
1035 560 1104 584 nou
1126 549 1166 584 de
1184 547 1252 587 iis)
1280 550 1340 594 qui
1369 550 1402 583 in
1429 561 1466 584 ea
1491 544 1569 584 sunt
1587 550 1798 596 pertinaces,
1827 560 1860 584 et

245 609 288 644 de
307 607 430 652 quibus
450 602 643 650 periculum
663 598 711 634 est
726 625 734 641 ‚
762 612 805 634 ne
823 610 969 635 caeteros
989 601 1023 634 in
1041 599 1201 634 eumdem
1227 611 1380 633 errorem
1406 598 1551 634 trahant.
1605 602 1726 644 Itaque
1743 600 1860 645 primo

246 670 314 693 non
331 655 377 690 est
393 650 700 689 excommunicatio
719 647 916 690 ferenda-ob
932 649 1023 684 leves
1041 648 1250 694 quaestiones
1264 673 1272 687 ,
1299 660 1385 692 quae
1404 646 1483 682 fidei
1501 649 1655 695 regulam
1673 661 1743 683 non
1763 651 1862 684 attin·

245 718 347 754 gunt,
377 715 528 750 quaeque
548 701 695 736 liberum
714 700 897 747 patiuntur
911 697 1058 746 cujusvis
1075 699 1241 746 judicium
1264 713 1270 732 z
1297 699 1403 735 Nam,
1430 709 1466 732 ut
1483 699 1595 743 inquit
1612 698 1862 737 Tertullianus,

245 758 324 792 haec
334 756 407 801 jola
424 754 465 801 est
484 752 604 799 regula
616 749 723 793 fidei,
736 744 833 797 [quae
850 750 997 794 lzaereses
1007 751 1122 795 facit,
1149 758 1181 783 et
1200 760 1236 783 ea
1245 748 1348 793 semel
1360 747 1462 794 posita
1479 757 1630 783 manente
1654 751 1693 784 in
1704 750 1767 793 sua
1780 751 1864 795 for·
1907 791 1911 795 ι

246 819 299 842 ma
315 830 325 847 ,
352 800 595 852 quantumlibet
617 803 757 848 quaeras
775 808 807 833 et
822 797 961 838 trac‘les,
989 806 1022 832 et
1039 795 1161 832 o'rimem
1177 796 1354 832 libidinem
1381 797 1579 844 curiositatis
1599 797 1754 843 effundas
1769 822 1777 837 ,
1816 800 1863 832 ti-

248 854 284 891 bi
303 857 389 889 licet.
441 849 615 888 Secundo,
643 859 713 882 non
733 847 833 881 debet
857 844 941 880 ferri
959 847 1284 885 excommunicatio,
1322 843 1384 878 nist
1411 847 1446 879 in
1468 846 1674 892 pertinaces,
1711 847 1771 892 qui
1790 858 1862 882 mo-

247 905 311 941 niti
332 901 529 938 doarinam
549 898 642 933 suam
663 908 821 931 revocare
845 895 986 935 nolunt,
1016 906 1053 929 ut
1069 893 1290 929 ostendimus.

398 951 556 986 Diximus
576 945 698 980 deinde
715 945 1097 980 excommunicationem
1119 942 1204 978 ferri
1224 945 1259 977 in
1279 954 1489 989 peccatores,
1517 942 1579 978 sed
1592 942 1657 977 hoc
1673 942 1863 991 intelligen-

249 1004 333 1038 dum
356 1001 396 1035 de
414 1001 456 1034 iis
477 1024 485 1038 ,
515 997 575 1042 qui
592 996 626 1029 in
644 1006 779 1040 peccata
798 994 914 1039 gravia
934 1005 964 1028 et
983 992 1171 1028 canonibus
1199 993 1374 1039 prohibita
1393 991 1638 1038 prolabuntur}
1668 994 1795 1037 quique
1821 994 1864 1029 de

249 1053 290 1087 iis
310 1048 451 1087 accusati
465 1058 502 1082 ac
524 1043 673 1081 convisti
695 1042 799 1080 sunt3
827 1043 930 1089 idque
947 1056 1024 1086 cum
1044 1042 1176 1077 nullum
1197 1045 1333 1088 gravius
1354 1043 1480 1077 malum
1506 1041 1709 1084 timeturLfi
1727 1055 1746 1076 a
1774 1056 1862 1079 com-

247 1101 414 1137 muuione
434 1097 620 1144 ejiciantur.
644 1132 647 1135 ¹
673 1095 790 1129 Primo
810 1106 893 1139 ergo
909 1106 978 1128 non
999 1092 1098 1127 debet
1113 1091 1419 1127 ⁴e.·<c01'nmunicatio
1448 1090 1531 1137 ferti
1553 1089 1600 1126 ob
1626 1091 1712 1126 levia
1729 1104 1760 1126 et
1779 1105 1865 1137 quo-

249 1150 376 1186 tidiana
392 1157 543 1194 peccata,
561 1146 634 1179 imo
654 1145 753 1178 etiam
773 1141 817 1177 ob
833 1142 1008 1183 mortalia,
1027 1140 1088 1183 n'ifi
1108 1141 1273 1177 exteriora
1289 1141 1371 1184 sint,
1386 1143 1417 1176 et
1435 1154 1581 1176 eorume
1599 1153 1764 1180 numero,
1778 1154 1864 1188 quae

249 1198 404 1236 scandalo
421 1197 498 1232 sunt
514 1195 603 1235 aliis,
633 1193 746 1239 qualia
761 1191 839 1228 sunt
865 1191 1087 1231 adulterium,
1114 1192 1359 1232 homicidium,
1391 1204 1422 1225 et
1439 1192 1501 1226 alia
1529 1190 1734 1238 hujusmodi.
1810 1193 1864 1226 Se·

250 1249 383 1288 cundo,
412 1258 482 1280 non
502 1244 596 1279 debet
622 1243 727 1282 ferri,
764 1240 823 1275 nifi
851 1243 886 1274 in
911 1239 1081 1274 accusatos
1107 1252 1138 1274 et
1163 1239 1357 1281 convissos,
1386 1251 1424 1273 ut
1453 1241 1517 1273 late
1536 1239 1718 1284 probatum
1740 1239 1804 1281 est,
1832 1251 1863 1275 ct

251 1297 360 1333 modo
379 1292 640 1329 confirmabitur
661 1303 699 1324 ex
718 1288 901 1334 Augustini
920 1287 1132 1323 testimoniis.
1185 1290 1308 1322 Tertio
1329 1314 1337 1330 ,
1366 1301 1434 1322 non
1452 1286 1698 1333 estprudentiae
1715 1289 1863 1334 aliquem

253 1346 298 1384 ob
318 1345 446 1390 flagitia
475 1342 593 1389 ejicere
633 1338 673 1374 ab
693 1336 849 1376 eccl'efia,
877 1349 952 1372 cum
974 1338 1112 1382 gravius
1143 1337 1271 1371 malum
1299 1337 1462 1377 timetur,
1491 1349 1573 1383 puta
1603 1336 1756 1372 ecclesiae
1783 1351 1864 1384 per.

252 1396 404 1433 turbatio
424 1404 481 1428 aut
504 1387 654 1425 schisma.
709 1391 809 1422 Hanc
828 1386 982 1432 regulam
1000 1383 1216 1434 saepetradit
1234 1385 1444 1432 Augustinus
1461 1387 1497 1420 in
1528 1386 1625 1421 libris
1651 1398 1769 1422 contra
1794 1389 1865 1424 Do·

251 1444 399 1481 natistas.
452 1444 553 1476 Hanc
574 1436 772 1486 praesertim
791 1435 875 1483 late,
902 1434 1029 1480 probat
1044 1434 1102 1468 lib.
1126 1446 1155 1477 3.
1175 1446 1293 1469 contra
1314 1435 1405 1481 epist.
1425 1439 1620 1474 Parmen.‚e
1638 1449 1708 1481 quo
1725 1436 1865 1482 sequen-

251 1496 297 1531 tia
318 1493 395 1528 sunt
412 1489 600 1535 desumpta.
652 1485 719 1521 Sed
735 1485 848 1521 dicet,
878 1484 1008 1528 inquit,
1036 1484 1176 1530 aliquis,
1204 1485 1356 1530 quomodo
1373 1488 1559 1530 poterimus
1583 1486 1724 1532 apostolo
1750 1487 1864 1522 obedi-

252 1556 291 1579 re
309 1543 453 1578 dicenti,
479 1551 547 1573 cum
567 1535 726 1583 ejusmodi
744 1545 802 1568 nec
818 1532 924 1567 cibum
934 1533 1074 1577 sumere.
1127 1532 1221 1565 Huic
1241 1530 1427 1576 objeffioni
1446 1532 1489 1566 fic
1506 1534 1688 1579 respondet
1704 1547 1714 1567 t
1742 1538 1780 1570 in
1803 1538 1864 1572 Izac

252 1594 346 1629 velut
369 1589 524 1639 angustia
540 1584 739 1635 quaestionis
758 1595 825 1622 non
843 1581 978 1630 aliquid
994 1593 1116 1626 novum?
1128 1589 1188 1616 aut
1206 1582 1376 1626 insolitum
1400 1581 1524 1624 dicam,
1545 1583 1608 1627 Jed
1633 1584 1862 1631 quodsanitas

253 1642 409 1688 observat
427 1636 592 1682 ecclesiae,
617 1638 656 1669 ut
673 1634 742 1674 cuni
762 1633 901 1679 quisque
909 1633 1081 1677 fratrum,
1091 1629 1129 1665 id
1144 1624 1474 1675 est‚'¹clz‚r1stiizn'orum
1494 1634 1588 1666 intus
1605 1634 1642 1666 in
1658 1633 1802 1678 ecclesiae
1815 1636 1865 1680 [σ’-

253 1695 375 1730 cietate
395 1685 728 1734 constitutornmnin
745 1683 855 1730 aliquo
872 1682 938 1715 tali
952 1689 1082 1725 peccato
1093 1681 1211 1725 fuerit
1230 1679 1467 1727 deprehensus,
1496 1685 1544 1716 'ut
1560 1681 1769 1718 anathemate
1787 1681 1864 1731 dig-

252 1754 313 1779 nus
328 1738 512 1777 habeatur,
540 1733 604 1773 fiat
627 1734 686 1768 hoc
702 1756 712 1769 ‚
747 1730 805 1766 ubi
828 1730 1015 1778 periculum
1036 1728 1361 1775 schism'atis‘fnu‘llum
1381 1729 1439 1774 ψ’,
1467 1738 1569 1778 atque
1596 1729 1710 1765 idcum
1729 1743 1766 1766 ea
1777 1732 1864 1768 dile'-

256 1791 384 1829 stione,
413 1786 453 1822 de
472 1798 535 1834 qua
552 1785 622 1831 ipse
641 1780 726 1816 alibi
740 1781 919 1828 praecepit
950 1778 1081 1819 dicens,
1118 1786 1158 1814 ut
1183 1779 1354 1814 inimicum
1382 1784 1453 1814 eum
1476 1792 1542 1814 non
1572 1779 1784 1825 existimetis,
1811 1773 1870 1824 seii

254 1840 436 1885 corripite,
463 1845 503 1870 ut
512 1836 691 1881 fratrem3
718 1828 839 1878 quodsi
857 1841 922 1863 non
939 1830 1124 1876 agnoverit
1139 1839 1196 1862 nec
1209 1828 1412 1874 poenitendo
1432 1831 1641 1869 correxerit,
1669 1831 1743 1874 ipse
1763 1831 1862 1875 foras

254 1891 360 1926 exiet,
389 1895 421 1921 et
438 1896 502 1931 per
515 1883 692 1930 propriam
710 1881 916 1914 voluntatem
933 1877 974 1912 ab
993 1876 1135 1924 ecclesiae
1151 1878 1284 1912 unitate
1300 1876 1494 1914 dirimetur.
1545 1877 1677 1913 Deinde
1693 1878 1828 1924 regulas
1845 1874 1864 1915 a

254 1937 352 1975 nobis
370 1933 527 1984 superius
544 1930 687 1973 traditas
700 1928 778 1980 ‚ipse
807 1929 907 1962 etiam
934 1926 1042 1962 tradit.
1072 1925 1231 1970 Quando,
1247 1925 1430 1971 inquit,ita
1443 1928 1598 1975 cujusque
1616 1929 1739 1973 crimen
1748 1936 1862 1964 notum

254 1988 297 2036 est
314 1984 511 2022 omnibusgez
522 1979 671 2022 'omnibus'
682 1975 872 2024 'execrabile
890 1979 1053 2023 apparet,
1082 1984 1118 2025 ut
1135 1976 1189 2025 pel
1212 1977 1317 2010 nullos
1337 1979 1491 2022 prorsus,
1528 1978 1583 2011 vel
1605 1989 1672 2011 non
1696 1978 1780 2012 tales
1805 1978 1862 2013 lm-

253 2038 329 2074 beat
347 2035 542 2080 defensores
553 2055 562 2067 ‚
570 2027 635 2076 pei·
653 2040 732 2076 quos
747 2025 840 2073 pbffi't
849 2026 988 2071 schisma
1002 2027 1214 2074 contingere,
1227 2026 1459 2061 non‘dormiat
1462 2029 1631 2070 severitas
1648 2025 1859 2073 dtsciplinae,

252 2090 290 2122 in
308 2097 374 2134 qua
390 2090 486 2118 tanto
508 2080 549 2127 est
575 2077 736 2121 efficacior
754 2074 938 2116 emendatio·
952 2076 1142 2122 pravitatis
1151 2070 1164 2115 ,²-
1177 2082 1310 2121 quanto
1330 2075 1533 2121 diligentior
1561 2075 1769 2125 confirmatio
1784 2077 1861 2110 clm-

254 2137 382 2172 ritatis.
409 2125 505 2176 Ergo
523 2141 562 2163 ex
577 2126 688 2163 niente
706 2129 737 2161 S.
749 2119 959 2169 ‘Augustiniss‚
973 2136 1010 2173 ut
1028 2125 1103 2170 quis
1121 2120 1267 2169 pr0pter⁴
1292 2124 1421 2158 crimen
1447 2121 1778 2163 excommunicetur,
1806 2136 1861 2158 re.

254 2183 403 2231 quiritur
433 2181 550 2226 primo
568 2202 576 2217 ,
603 2187 643 2211 ut
670 2177 796 2209 crimen
818 2174 854 2208 {it
880 2175 1041 2209 omnibus
1068 2183 1212 2213 notum,
1240 2173 1305 2207 hoe
1329 2169 1394 2213 est,
1421 2170 1661 2207 manifestum:
1690 2170 1859 2215 secundo,

253 2246 293 2271 ut
311 2233 351 2268 sit
369 2228 572 2266 execrabile:
600 2225 717 2266 tertio,
745 2236 781 2259 ut
809 2223 942 2258 nullum
967 2221 1003 2257 fit
1029 2221 1211 2257 schismatis
1237 2222 1447 2268 periculum,
1477 2222 1570 2267 quod
1595 2221 1755 2256 ultimum
1778 2233 1859 2258 con-

254 2284 375 2332 tingit,
392 2277 635 2327 ‘quandoquis
662 2272 889 2321 socioeit'abet
914 2272 1039 2309 multos
1055 2282 1079 2308 .·‘
1094 2271 1334 2323 Neqzieenim,
1357 2272 1473 2321 pergit
1496 2269 1729 2319 Augustinus,
1751 2271 1859 2319 potest

550 2329 647 2341 *at*
704 2326 705 2329 ¹
776 2334 790 2341 ..
837 2325 907 2345 ιιι
1129 2322 1275 2338 ..ἔπη
1740 2320 1804 2370 we
