2022 2733
307 199 819 235 DISSERTATIONES
854 198 1197 236 HIST'ORICAE.
1231 201 1389 236 stszm.
1416 201 1497 236 VH.
1600 207 1671 246 335

107 289 192 325 riter
213 284 356 327 inferat,
383 284 570 321 sacerdotes
594 286 727 323 nostros
757 289 873 334 ignem
896 302 913 324 e
928 287 1021 323 coelo
1041 285 1132 333 posse
1149 286 1334 326 deducere,
1363 288 1440 333 quia
1458 287 1546 323 Elias
1564 287 1717 324 deduxit„

105 336 198 384 posse
219 336 347 382 pariter
372 335 499 370 imbres
526 334 758 378 summovere,
788 340 866 383 quia
895 338 968 373 Elia
989 336 1125 384 jubente
1151 349 1214 382 per
1239 338 1422 372 triennium
1453 338 1594 372 minime
1612 336 1719 383 pluit;

104 385 191 421 nihil
209 397 296 431 ergo
316 383 362 419 est
376 383 551 419 absurdius
571 398 672 430 quam
694 400 731 421 ex
752 387 838 428 illis,
874 399 958 432 quae
978 385 1166 431 prophetae
1193 385 1246 419 vel
1265 386 1378 421 divina
1399 388 1541 427 virtute,
1570 386 1621 420 vel
1639 398 1720 432 pro·

102 435 242 483 phetico
267 433 419 480 impulsu
446 432 600 470 fecerunt
622 448 679 471 aut
702 449 910 484 potuerunt,
937 435 1066 472 inferre
1092 434 1175 471 velle
1203 435 1292 470 idern
1310 449 1327 470 a
1343 435 1571 472 sacerdotibus
1595 433 1718 472 nostris

101 485 176 521 fieri
192 495 250 519 aut
267 482 378 530 posse,
405 493 462 518 aut
480 483 609 519 debere.

200 536 229 569 E
256 545 348 568 novo
375 532 571 568 testamento
595 532 729 567 nullum
755 534 985 570 testimonium
1019 532 1207 580 proferunt
1237 533 1437 574 adversarii,
1473 533 1567 578 quod
1592 544 1659 570 non
1681 532 1717 566 in

99 583 250 619 alienum
268 582 366 629 plane
385 581 514 616 sensum
533 594 602 616 non
621 581 858 624 detorqueant,
894 583 1004 628 qualia
1022 583 1098 617 sunt
1115 583 1197 616 haec
1217 582 1340 617 Matth.
1357 595 1379 619 »ι
1391 589 1423 617 6.
1456 582 1535 617 Tibi
1553 579 1637 615 dabo
1654 582 1719 615 cla..

100 646 160 669 ves
185 634 291 680 regni
314 632 484 665 coelorum.
513 632 609 676 Joan.
630 641 683 663 20.
713 631 809 676 Pasce
829 643 902 666 oves
919 643 1015 666 meas.
1069 633 1165 674 Quae
1183 631 1256 664 loca
1276 632 1468 674 Gregorius
1486 633 1586 669 V11.‚
1614 631 1717 663 Boni-

98 682 367 720 faciusVI11.‚et
385 678 553 715 Nicolaus
565 682 623 714 IV.
636 679 671 713 in
688 677 756 714 suis
777 680 1000 716 decretalibus
1018 680 1163 726 allegant
1179 679 1220 714 ad
1239 679 1477 714 vindicandam
1496 679 1558 713 fibi
1581 679 1614 712 in
1634 690 1716 712 tem·

97 725 231 779 poralia
253 727 462 776 potestatem.
514 728 578 763 Sed
602 728 703 769 haec,
732 739 770 764 ut
795 730 860 764 late
882 729 1125 777 probavimus,
1153 729 1194 763 de
1218 727 1386 774 spirituali
1406 740 1536 764 tantum
1552 727 1717 773 potestate

95 779 238 829 possunt
259 778 424 824 intelligi,
453 789 484 812 et
504 781 544 812 ab
566 777 724 814 universa
743 779 874 814 ecclefia
892 779 1025 824 semp'e'r
1043 776 1215 813 intellesta
1232 777 1330 819 sunt;
1359 779 1486 822 quique
1502 778 1596 813 aliter
1611 790 1646 811 ea
1663 778 1717 811 in-

65 832 68 835 '
95 829 275 876 terpretari
301 839 372 865 non
396 837 577 867 verentur,
604 826 645 861 ab
669 827 844 862 universae
870 826 1219 864 ecclesiae-catholicae
1235 825 1334 862 sensu
1356 827 1539 869 recedunt,
1568 837 1605 862 ut
1622 826 1719 862 illici-

95 890 151 916 tos
169 889 306 914 conatus
337 888 479 921 quoquo
497 875 598 921 paeto
617 875 810 913 defendant.
1318 880 1321 882 ’

194 929 301 964 Mitto
327 926 389 960 alia
415 925 578 969 quaedam
603 924 810 963 testimonia,
838 939 924 971 quae
943 925 1118 962 Marfilius
1137 925 1316 961 Patavinus
1336 922 1462 960 defens.
1481 926 1574 972 pacis
1591 936 1619 960 c.
1648 937 1677 969 3.
1695 938 1714 961 ι

93 976 249 1023 sophistis
275 975 326 1010 sui
357 976 521 1020 temporis
547 973 723 1020 proposita
747 973 809 1009 effe
838 977 901 1017 ait,
928 987 968 1010 ut
996 976 1181 1022 probarent
1199 975 1350 1009 ecclefiae
1371 973 1568 1020 potestatem
1595 972 1657 1009 effe
1675 974 1711 1008 in

92 1025 314 1072 temporalia,
345 1025 454 1069 qualia
473 1022 549 1057 sunt
568 1023 647 1058 haec
666 1024 791 1059 Matth.
817 1037 829 1057 1
843 1037 870 1059 1.
916 1025 1037 1061 Omnia
1055 1026 1140 1059 milli
1156 1024 1288 1060 tradita
1298 1026 1380 1069 sunt
1399 1038 1417 1058 a
1434 1033 1538 1070 patre
1560 1035 1642 1059 meo.
1671 1026 1714 1058 Et

94 1089 122 1114 c,
151 1083 207 1116 28.
234 1075 331 1110 Data
361 1073 403 1120 est
428 1074 513 1107 mihi
539 1076 643 1107 omnis
667 1074 811 1119 potestas
844 1077 879 1109 in
900 1074 983 1108 coelo
1003 1077 1092 1109 etin
1111 1083 1219 1109 terra.
1278 1077 1360 1108 Item
1380 1071 1465 1107 istud
1485 1074 1595 1108 Marci
1618 1085 1646 1118 5.
1678 1073 1713 1107 Si

91 1128 186 1174 ejicis
210 1137 288 1161 nos,
314 1125 409 1157 mitte
425 1125 460 1156 in
474 1133 614 1169 gregem
627 1134 815 1167 porcorum.
869 1125 909 1157 Et
926 1125 1048 1170 Joann.
1070 1135 1124 1158 12.
1169 1124 1248 1158 Cum
1266 1125 1433 1157 exaltatus
1450 1120 1572 1168 fuero,
1602 1125 1711 1156 omnia

90 1176 224 1211 traham
251 1172 296 1206 ad
320 1183 378 1207 me.
430 1170 556 1205 Matth.
584 1183 640 1204 21.
661 1183 691 1204 et
709 1174 791 1206 Luc.
813 1184 867 1216 19.
895 1172 1081 1207 Invenietis
1096 1173 1225 1219 pullum
1247 1172 1350 1218 asinae
1368 1173 1564 1219 alligatum,
1592 1173 1713 1214 solvite

92 1233 126 1260 et
147 1222 302 1258 adducite
319 1221 409 1256 milii.
463 1221 504 1254 Et
527 1231 555 1254 1.
575 1231 643 1254 cor.
667 1224 698 1254 6,
728 1221 891 1265 Nescitis,
920 1221 1008 1268 quod
1033 1222 1171 1269 angelos
1188 1221 1434 1267 judicabimus,
1461 1229 1585 1268 quanto
1602 1224 1709 1267 magis

84 1273 303 1320 saecularia?
331 1272 372 1304 Et
399 1281 470 1314 cap.
501 1281 531 1312 9.
560 1268 730 1316 Numquid
758 1282 823 1303 non
848 1269 998 1305 habemus
1023 1270 1211 1315 potestatem
1239 1269 1491 1304 manducandi?
1518 1271 1565 1303 Ex
1583 1267 1708 1312 quibus

74 1319 282 1362 ,inferebant
300 1315 472 1352 Christum
493 1327 526 1350 et
551 1316 625 1363 ejus
643 1317 788 1350 vicarios
807 1317 1001 1362 potestatem
1019 1318 1166 1361 aliquam
1188 1318 1412 1362 temporalem
1432 1315 1591 1352 habuisse.
1641 1319 1706 1350 Ve-

61 1368 169 1408 srum
190 1369 239 1414 uti
257 1367 404 1401 diximus
423 1365 463 1400 de
480 1363 636 1402 Christo,
663 1377 769 1411 prout
788 1368 883 1401 Deus
904 1364 966 1402 est,
995 1378 1094 1400 nemo
1117 1364 1263 1405 dubitat,
1294 1367 1374 1409 quin
1395 1365 1549 1400 habuerit
1565 1366 1711 1411 potesta--

64 1418 65 1421 ’
89 1433 158 1459 tem
175 1417 340 1453 summam
357 1417 391 1449 in
411 1427 462 1449 res
480 1426 619 1456 omnm,
647 1426 746 1459 atque
770 1415 833 1450 hoc
852 1414 946 1451 sensu
963 1415 1104 1460 intelligi
1124 1414 1209 1448 illud
1234 1415 1355 1450 Matth.
1380 1427 1392 1448 1
1406 1427 1434 1448 1.
1490 1414 1611 1450 Omnia
1627 1418 1710 1450 mihi

87 1469 220 1509 tradita
243 1468 327 1511 sunt
354 1478 372 1499 a
395 1472 506 1510 patre.
558 1466 602 1498 Et
627 1476 652 1499 c.
683 1471 740 1503 28.
767 1465 864 1499 Data
891 1465 934 1511 est
960 1466 1043 1500 mihi
1061 1467 1161 1499 omnis
1174 1465 1317 1510 potestas
1337 1468 1372 1499 in
1390 1465 1475 1498 coelo
1495 1466 1580 1499 etin
1600 1473 1707 1499 terra.

86 1518 166 1559 Nisi
195 1517 271 1561 quis
300 1514 395 1549 malit
418 1511 454 1546 id
481 1511 522 1545 de
547 1524 656 1556 regno
673 1511 1004 1558 Chrissi'spirituali,
1034 1525 1066 1548 et
1084 1513 1123 1547 de
1147 1513 1308 1548 omnibus
1327 1515 1386 1553 iis,
1417 1514 1477 1557 qui
1493 1513 1657 1549 credituri
1673 1513 1708 1547 in

89 1581 169 1606 eum
196 1576 290 1600 erant
315 1560 445 1597 distum
464 1561 698 1609 interpretari:
727 1573 796 1605 quo
813 1574 902 1596 certe
918 1562 1015 1597 sensu
1033 1562 1292 1607 intelligendum
1314 1562 1357 1597 est
1377 1562 1460 1597 illud
1479 1564 1620 1610 Joannis
1648 1575 1703 1597 12.

65 1611 68 1613 ⁵
89 1621 167 1655 Cum
184 1614 352 1651 exaltatus
362 1614 466 1658 fuero
478 1634 488 1647 ‚
513 1614 619 1644 omnia
637 1611 768 1644 traham
788 1610 832 1645 acl
846 1613 1020 1660 meipsum:
1055 1611 1090 1645 id
1108 1610 1168 1651 est,
1198 1624 1236 1645 ex
1254 1613 1349 1648 omni
1372 1612 1554 1647 hominum
1573 1625 1704 1658 genere,

64 1663 67 1665 ’
89 1681 129 1704 cx
148 1663 311 1702 omnib‘us
330 1656 488 1707 gentibue
512 1659 670 1693 homines
690 1660 851 1693 adducam
881 1659 923 1693 ad
942 1661 1006 1693 mei
1024 1659 1164 1694 cultum.
1661 1685 1668 1700 ,-

65 1712 69 1713 ’
189 1711 294 1757 Quod
312 1723 393 1744 vero
416 1722 453 1744 ex
472 1707 776 1757 Paulolprofertur
794 1707 834 1742 ad
853 1707 1008 1753 praesens
1026 1709 1214 1753 negotium,
1237 1709 1380 1743 omnino
1396 1708 1619 1754 impertinens
1637 1707 1702 1751 est3

60 1758 69 1804 ἶ
86 1766 221 1813 quippe
252 1759 435 1803 seeundum
462 1759 548 1806 'eu'mj'
565 1770 632 1792 non
666 1757 774 1793 solum
795 1755 960 1803 apostoli,
990 1757 1043 1792 sed
1065 1769 1095 1792 et
1113 1769 1231 1792 omnes
1251 1756 1327 1802 justi
1347 1757 1544 1801 judicabunt
1560 1757 1701 1803 angelos

48 1808 70 1853 ’ᾗ
88 1828 121 1856 ,ες
146 1810 352 1854 saecularia„¹
370 1808 426 1843 sed
453 1808 488 1841 in
515 1806 780 1845 resurreffione‚
808 1805 874 1842 non
894 1806 938 1841 'in
964 1807 1030 1842 hoc
1050 1805 1192 1841 saeculo.
1245 1804 1442 1840 Potestatem
1461 1819 1544 1842 vero
1561 1807 1703 1841 mandu-

65 1863 186 1906 rcandi
206 1873 236 1896 et
254 1858 393 1906 bibendi
410 1856 469 1891 fibi
485 1855 555 1902 ipse
570 1869 719 1904 arrogat,
749 1870 817 1892 non
841 1856 883 1891 ob
904 1855 1004 1892 ullam
1023 1855 1258 1891 austoritatem
1280 1855 1503 1900 temporalem
1516 1880 1523 1891 ‚
1550 1854 1604 1890 sed
1624 1857 1703 1899 quia

87 1912 212 1960 ‘dignus
230 1908 275 1950 est
296 1908 476 1954 operarius
493 1905 569 1941 cibo
587 1905 668 1944 suo,
688 1918 907 1952 *aequumque
927 1905 991 1948 est,
1019 1917 1066 1944 ut,
1094 1907 1155 1950 qui
1169 1905 1266 1940 altari
1283 1904 1394 1944 servit,
1423 1905 1464 1939 de
1484 1904 1580 1939 altari
1600 1906 1701 1939 vivat.

62 1956 244 2010 “superest
262 1958 347 2000 illud
369 1956 408 1991 de
432 1952 555 2002 porcis³
568 1951 598 1991 et
617 1957 657 1991 de
675 1952 779 1991 alinae
799 1956 915 2002 pullo;
943 1968 1024 2000 quae
1042 1955 1065 1990 fi
1089 1956 1165 2000 quis
1188 1967 1218 1989 et
1237 1954 1299 1988 alia
1320 1954 1519 2000 hujusmodi
1536 1953 1704 1998 praesenti

85 2015 124 2050 in
148 2006 482 2056 negotio-allegans,
514 2005 558 2053 'ad
582 2003 671 2054 illud
697 2008 837 2040 minime
863 2004 1054 2051 pertinere,
1088 2004 1236 2050 probare
1259 2014 1417 2043 tentaret,
1454 2015 1559 2048 opera
1585 2001 1642 2037 sua
1662 2013 1702 2038 tet

69 2055 221 2099 'lestori‘s
242 2052 443 2100 ‚abitt-eretur
462 2051 632 2101 patientia.
686 2057 799 2091 >Satius
829 2053 892 2091 est,
919 2052 998 2089 haec
1024 2065 1258 2094 contemnere,
1288 2063 1388 2098 quam
1415 2050 1504 2087 serio
1534 2049 1699 2093 refellere,

64 2103 165 2149 ..mh
185 2106 390 2158 hujusmodi
404 2103 610 2153 sophismata
626 2100 768 2153 indigna
787 2105 861 2142 sunt
879 2104 1027 2146 revinci,
1054 2115 1095 2138 ne
1113 2105 1275 2152 gravitate
1289 2102 1490 2140 adorentur.
1662 2122 1666 2126 ‚

64 2240 100 2259 ·»·,
127 2240 137 2259 τ
183 2241 230 2262 ›
263 2240 353 2265 ¹.
469 2244 491 2264 ’,ς

117 2282 198 2322 ω”ἷ
918 2309 998 2345 Ccc
1030 2320 1046 2353 3
1545 2308 1569 2350 §3
1599 2307 1643 2342 11.
