1982 2739
326 255 398 291 234
573 243 642 280 ne
667 238 939 284 ANT1QUA
966 238 1244 276 EchESIAE
1270 227 1600 275 mscirtme.

277 346 400 374 necere
425 331 579 390 possunt,
608 329 689 388 ’sed
714 330 786 380 ejus
810 340 939 367 tamum
957 327 1162 366 memoriae,
1195 336 1232 362 ut
1248 324 1410 363 constabit
1427 337 1465 361 ex
1483 325 1631 362 dicendis
1650 326 1692 362 de
1711 325 1882 364 effeaibus

277 393 647 425 exeommumcanoms.
1250 394 1254 396 -

814 540 1181 596 CAPUT
1255 541 1353 592 ΙΙΙ.

730 671 787 710 De
855 670 1019 722 effefflbus
1077 670 1435 707 excommnuicationis.

279 778 380 874 Ex
403 785 518 825 distis,
552 786 588 821 ni
611 783 731 824 fallor,
768 782 835 829 jam
853 780 1055 826 intelligitur
1080 777 1436 814 excommunicationis
1455 776 1716 812 mortalisqhunc
1735 775 1795 812 esse
1813 777 1890 812 effe·
1905 779 1911 788 ³

386 837 477 874 stum
497 836 702 883 primarium
717 844 754 867 ac
770 830 994 877 praecipuum
1007 853 1015 868 ,
1045 840 1082 862 ut
1099 828 1218 871 aiiquis
1237 839 1275 861 ex
1295 826 1371 860 albo
1388 825 1651 861 christianorum
1662 838 1889 873 expungatur,

282 904 313 926 et
337 889 471 938 synaxi,
505 881 716 922 eucharistia,
743 880 902 926 precibus
920 876 1179 913 communibus,
1207 888 1243 910 ac
1260 875 1397 909 caeteris
1415 873 1549 912 officiis,
1567 875 1693 919 quibus
1713 874 1848 910 societas
1860 887 1892 910 et

281 938 477 976 communio
496 932 758 969 christianorum
777 928 951 967 cohaeret,
980 924 1141 971 indignus
1161 922 1223 958 esse
1240 923 1502 970 pronuntietur:
1530 923 1564 958 id
1591 925 1681 959 enim
1707 923 1892 969 significant

280 988 383 1023 verba
403 982 547 1020 Christi:
601 982 654 1016 Sit
671 979 738 1015 tibi
753 977 838 1025 ficut
856 977 1005 1011 ethnicus
1030 984 1063 1009 et
1075 973 1283 1021 publicanus.
1339 974 1422 1008 Hoc
1443 970 1506 1013 est,
1557 973 1625 1020 jam
1644 985 1713 1008 non
1731 973 1893 1009 habeatur

282 1049 318 1072 ut
335 1033 442 1071 frater
460 1043 492 1067 et
508 1029 724 1068 christianus,
754 1025 808 1061 sed
828 1023 1118 1070 quemadmodum
1136 1023 1287 1057 ethnicus
1303 1032 1334 1056 et
1351 1022 1569 1068 publicanus:
1619 1023 1712 1069 Sicut
1731 1035 1815 1069 ergo
1841 1021 1893 1058 so-

280 1088 380 1122 cietas
399 1081 505 1119 civilis
527 1080 676 1115 servatur
693 1089 773 1112 cum
793 1075 938 1110 ethnicis
956 1084 987 1108 et
1006 1072 1213 1119 publicanis,
1247 1073 1293 1107 ita
1318 1084 1380 1117 per
1408 1073 1792 1108 excommunicationem
1820 1084 1892 1108 non

285 1134 511 1170 excluduntur
533 1129 697 1165 homines·
710 1139 728 1161 a
747 1124 898 1160 societate
917 1122 1027 1163 civili,
1058 1135 1118 1157 nec
1135 1122 1178 1156 iis
1192 1122 1373 1168 privantur
1390 1119 1527 1162 officiis,
1550 1120 1758 1169 'adjumentis
1783 1133 1814 1158 et
1829 1121 1900 1158 bo-.

283 1185 349 1222 nis,
368 1179 542 1228 quaeipsis
561 1189 721 1223 tanquam
739 1173 938 1211 hominibus
957 1182 989 1207 et
1008 1171 1138 1207 civibus
1156 1171 1232 1218 jure
1249 1170 1412 1209 naturali,
1439 1171 1593 1217 gentium
1614 1182 1647 1206 et
1664 1170 1755 1207 civili
1767 1170 1893 1207 deben-

282 1245 349 1271 tur.
402 1234 518 1276 ltaqu'e
535 1229 671 1275 primus
693 1237 732 1260 ac
747 1224 952 1271 praecipuus
972 1219 1127 1258 effecius,
1153 1221 1224 1255 imo
1242 1219 1264 1253 si
1282 1217 1394 1254 striae
1409 1232 1446 1254 ac
1469 1220 1719 1266 proprieloqui
1736 1219 1889 1262 velimus,

277 1282 403 1318 'unicus
429 1274 787 1314 excommunicationis
813 1269 952 1306 effestus
995 1268 1040 1303 est
1065 1269 1210 1313 privatio
1238 1266 1431 1304 officiorum
1457 1267 1705 1312 spiritualium,
1737 1263 1808 1304 non
1835 1281 1892 1305 eo.

287 1342 382 1369 rum,
401 1340 484 1373 quae
502 1327 574 1373 jure
593 1321 738 1358 naturali
759 1321 911 1366 gentium
937 1328 993 1353 aut
1011 1317 1102 1351 civili
1122 1316 1304 1356 debentur,
1340 1315 1532 1362 cujusmodi
1556 1315 1601 1351 est
1627 1317 1813 1365 conjugum
1834 1318 1891 1354 ha-

283 1379 419 1415 bitatio,
446 1385 626 1422 parentum
647 1374 680 1406 in
700 1370 843 1405 liberos,
871 1367 1059 1402 liberorum
1079 1366 1112 1400 in
1132 1377 1301 1411 parentes,
1336 1363 1667 1411 consanguineorum
1692 1368 1782 1402 inter
1807 1365 1840 1402 se
1855 1367 1892 1403 ac

286 1440 408 1475 regum
425 1427 461 1460 in
482 1423 648 1462 subditos,
678 1432 708 1454 et
727 1418 940 1453 subditorum
959 1417 993 1450 in
1011 1426 1108 1460 reges
1127 1413 1236 1449 officia
1254 1413 1438 1448 necessaria.
1491 1415 1593 1458 Quod
1613 1428 1694 1451 vero
1712 1414 1837 1463 spestat
1849 1415 1892 1451 ad

286 1479 394 1513 libera
417 1487 454 1509 ut
474 1474 657 1511 amicitiae,
683 1467 796 1504 mutui
818 1462 1011 1504 convifius,
1040 1463 1144 1497 etalia
1166 1462 1350 1507 ejulmodi,
1377 1463 1455 1498 haec
1467 1463 1543 1498 licet
1564 1477 1631 1499 non
1651 1464 1890 1513 videanturjtx-

284 1540 324 1564 re
347 1526 464 1561 divino
482 1520 655 1570 prohibita
678 1515 756 1556 effe,
808 1514 849 1549 ab
873 1512 952 1559 ipsis
971 1523 1082 1546 tamen
1100 1509 1334 1556 apostolorum
1358 1512 1574 1557 temporibus
1593 1515 1627 1548 in
1645 1513 1707 1549 usu
1725 1512 1794 1550 fuit
1810 1515 1893 1550 haee

271 1571 585 1612 <excommunicatis
611 1567 796 1612 denegare,
848 1561 975 1598 constat
1003 1573 1041 1594 ex
1069 1559 1168 1595 beato
1192 1558 1298 1594 Paulo
1327 1559 1444 1594 multis
1464 1561 1499 1595 in
1525 1562 1626 1600 locis,
1681 1575 1716 1598 1:
1733 1565 1891 1608 Cor.·15.

286 1625 408 1672 Scripsi
427 1621 515 1658 vobis
532 1623 568 1655 in
578 1616 723 1665 epistola,
743 1623 782 1650 ut
798 1625 862 1660 mm
878 1611 1143 1656 commisceamini
1152 1611 1378 1656 fornicariis,
1406 1621 1469 1644 non
1485 1613 1602 1660 utique
1625 1613 1826 1656 fornicariis
1837 1613 1893 1648 Im·

278 1680 338 1724 jus
357 1673 491 1711 mundi,
520 1677 579 1704 aut
598 1668 733 1704 avaris,
762 1672 822 1698 aut
839 1659 1034 1709 rapacibus,
1061 1668 1120 1694 etc.
1173 1659 1274 1693 Nunc
1288 1667 1399 1692 autem
1416 1659 1528 1706 scripsi
1546 1658 1638 1694 vobis
1660 1673 1724 1696 non
1748 1661 1892 1708 commi]-

274 1727 370 1761 “ceri:
415 1721 444 1769 fi
470 1722 498 1754 is
519 1720 578 1767 qui
591 1719 711 1762 frater
728 1720 956 1759 nuncupatur,
984 1709 1026 1755 est
1043 1710 1238 1755 fornicator
1252 1716 1311 1741 aut
1328 1708 1531 1746 immundus,
1557 1718 1617 1744 otc.
1647 1722 1715 1744 cum
1735 1710 1894 1756 ejusmodi

275 1763 340 1810 ‘nec
357 1771 460 1807 cibum
468 1771 609 1815 sumere.
662 1762 797 1807 Quibus
815 1760 926 1799 verbis
946 1758 1068 1794 Paulus
1087 1755 1256 1803 prohibet,
1275 1769 1314 1790 ne
1325 1756 1430 1804 libera
1451 1755 1561 1794 officia
1578 1760 1690 1793 mutui
1707 1757 1891 1800 commistus,

285 1833 371 1870 'quae
389 1819 467 1867 ipsis
482 1816 624 1852 ethnicis
646 1810 801 1859 impendi
819 1820 992 1856 poterant,
1020 1806 1184 1842 fratribus
1203 1807 1500 1841 excommunicatis
1511 1806 1765 1854 impendantur.
1794 1808 1889 1844 Idem

285 1870 453 1920 probatur
472 1880 510 1901 ex
531 1879 560 1900 2.
577 1861 691 1899 Thess.
713 1873 742 1906 3.
793 1861 1043 1896 Denuntiamus
1052 1855 1152 1897 vobis,
1169 1864 1207 1890 ut
1216 1853 1428 1899 subtrahatis
1446 1869 1503 1891 vos
1521 1855 1562 1892 ab
1587 1859 1676 1892 omni
1691 1860 1816 1904 fratre
1837 1860 1890 1892 in-

288 1920 477 1956 ambulante
492 1915 697 1951 inordinate.
753 1912 791 1945 In
811 1908 902 1955 epist.
924 1908 964 1942 ad
981 1908 1114 1941 Titum.
1164 1905 1381 1940 Haereticum
1409 1906 1567 1940 hominem
1592 1906 1662 1954 post
1680 1919 1777 1942 unam
1794 1916 1827 1942 et
1845 1908 1892 1942 al-

278 1966 394 2005 ’γὲν-σπι
415 1967 654 2011 correptionem
671 1961 798 1996 devita.
852 1957 956 2000 Quod
975 1956 1094 1991 clarius
1111 1953 1208 1988 habet
1225 1954 1372 2000 Joannes
1388 1967 1394 1986 z
1446 1955 1564 1990 Nolite
1583 1959 1731 2002 recipere
1757 1967 1827 1991 eum
1852 1958 1889 1991 in

288 2015 434 2055 domim,
460 2026 500 2048 ne
519 2024 580 2047 ave
599 2013 629 2046 ei
646 2010 829 2044 dixeritis;
856 2010 915 2055 qui
932 2009 1017 2041 enim
1034 2005 1117 2040 dicit
1135 2005 1188 2038 illi
1203 2014 1284 2042 ave,
1311 2006 1526 2039 communicat
1549 2006 1619 2050 ejus
1646 2004 1799 2051 operibus
1823 2017 1891 2040 ma·

271 2066 405 2116 :fignisn
459 2065 558 2097 Certe
577 2060 675 2096 haec,
703 2070 774 2091 non
793 2054 1003 2091 consuescere
1022 2066 1097 2090 cum
1117 2052 1248 2096 aliquo,
1277 2052 1311 2085 in
1331 2051 1472 2087 domum
1492 2052 1584 2088 suam
1596 2066 1672 2088 eum
1688 2055 1890 2088 minimere-

291 2118 425 2162 cipere,
477 2122 518 2145 ne
539 2109 675 2156 quidem
695 2119 755 2141 ave
775 2105 905 2146 dicere,
934 2103 1010 2140 sunt
1026 2102 1133 2141 officia
1150 2100 1269 2141 civilia,
1289 2112 1374 2145 quae
1395 2102 1602 2148 denegantur
1619 2103 1890 2138 excommunica-

274 2159 353 2205 >tis,
389 2162 445 2198 {ed
468 2173 506 2196 ut
529 2161 594 2208 jam
623 2157 690 2191 dixi
717 2155 837 2195 libera,
866 2167 949 2199 quac
969 2167 1028 2190 nee
1046 2155 1119 2202 jure
1140 2149 1303 2186 naturali,
1333 2162 1392 2185 nec
1410 2151 1484 2198 jure
1504 2152 1611 2191 civili,
1638 2163 1700 2186 nec
1717 2152 1791 2198 jure
1807 2164 1888 2197 gen-

291 2217 377 2250 tium
394 2209 571 2246 necessario
590 2207 765 2242 debentur.
818 2208 911 2239 Nam
929 2217 1014 2248 quae
1037 2198 1211 2237 necessaria
1232 2198 1321 2239 sunt,
1350 2212 1417 2235 non
1438 2201 1483 2234 ita
1501 2199 1637 2246 poss'unt
1661 2202 1889 2236 excommuni-

289 2264 368 2301 catis
387 2260 562 2308 denegari,
589 2259 659 2294 imo
677 2255 796 2291 debent
812 2255 978 2301 impendi.
1032 2254 1085 2289 Sic
1104 2251 1194 2285 enim
1214 2248 1335 2285 Paulus
1353 2248 1444 2297 jubet
1469 2249 1687 2297 principibus
1711 2249 1889 2333 licgtdnfi-

1781 2311 1799 2333 e
1823 2314 1839 2323 .
