1982 2739
300 216 371 256 278
572 210 644 244 *DE
679 206 958 249 ANTIQUA
985 201 1269 239 ECCLESIAE
1319 199 1659 238 DISCIPLINA

397 300 550 342 Quartus
570 295 615 331 est
637 295 803 336 Liberius,
822 294 881 340 qui
900 304 968 328 non
980 301 1112 326 tantum
1123 287 1289 326 Athanasii
1311 289 1538 334 damnationi,
1567 291 1622 328 sed
1640 303 1670 327 et
1689 290 1769 326 fidei
1786 289 1859 328 for-

247 347 361 383 mulae
380 346 566 384 haereticae
581 344 796 391 subscripsit:
826 354 990 390 quaenam
1010 351 1120 376 autem
1141 339 1196 375 ista
1216 337 1410 374 fueritfidei
1428 339 1598 384 formula,
1625 343 1680 377 cui
1691 341 1859 388 subscrip-

248 396 307 438 sit,
333 397 389 431 h'ic
407 410 469 442 ego
489 396 664 440 inquirere
683 395 777 429 nolo.
833 396 951 428 Unum
972 392 1037 426 hoe
1055 389 1140 424 mihi
1157 390 1197 424 ad
1215 388 1434 436 propositum
1450 387 1590 431 sufficit,
1616 392 1776 436 antiquos
1794 403 1860 436 pro

250 459 342 481 certo
360 445 506 481 habuisse
523 445 700 480 Liberium
722 444 904 478 haereticae
921 440 1003 475 fidei
1019 439 1187 475 formulae
1205 438 1442 484 subscripfiffe,
1481 451 1512 473 et
1536 441 1681 475 Arianae
1699 439 1860 486 perfidiae

248 495 450 532 consenfiffe.
527 497 608 530 Hoc
650 505 761 529 autem
797 489 1010 533 manifestum
1047 487 1092 523 est
1124 501 1161 522 ex
1196 488 1322 523 Hilarii
1355 486 1568 530 testimonio,
1618 491 1678 534 qui
1723 489 1855 536 saepius

249 545 284 579 in
303 545 502 591 fragmentifl
520 541 708 579 formulam
726 542 829 582 illam,
849 536 1117 585 cuisubscripfit,
1137 535 1488 583 Arianamperfidiam
1499 550 1614 577 vocat.
1641 539 1858 586 atqueident-

250 595 342 629 idem
358 594 498 629 Liberio
517 593 693 627 anathema
719 591 815 626 dicit:
869 589 958 625 unde
981 600 1076 634 patet
1093 599 1164 622 eam
1183 585 1380 627 fonnfflam,
1402 589 1456 622 cui
1474 587 1667 634 subscripsit
1685 588 1857 630 Liberius,

249 644 397 690 primam
415 655 484 679 non
503 641 566 677 esse
584 640 819 680 sirmiensem,
846 650 970 686 utpote
989 650 1089 682 quam
1111 636 1267 672 Hilarius
1286 635 1455 678 defendit,
1488 649 1527 671 ac
1552 637 1643 672 velut
1661 637 1858 674 catholicam

250 706 285 726 ex
317 694 398 728 onit.
450 692 616 728 Similiter
636 692 874 736 Hieronymus
901 691 933 723 in
959 687 1121 722 chronico
1147 684 1262 721 scribit
1292 685 1466 721 Liberium
1492 687 1675 722 haereticae
1700 688 1863 732 pravitati

249 706 489 788 subscripsisse,
517 752 617 786 atque
635 752 752 775 omnes
772 739 903 783 antiqui
919 749 990 771 uno
1009 749 1069 772 ore
1090 736 1130 770 de
1149 734 1243 780 lapsu
1264 735 1410 773 Liberii,
1437 735 1588 770 velut-de
1605 734 1765 782 apostasia
1783 749 1801 770 a
1821 735 1859 771 fi-

250 792 292 825 de
311 791 520 836 loquuntur,
574 801 606 824 et
631 787 705 824 sane
730 790 772 822 ita
789 799 906 822 verum
924 785 969 819 est
987 786 1185 819 haereticam
1208 782 1304 818 fuisse
1313 783 1510 825 formulam,
1528 787 1583 819 cui
1601 784 1857 832 subscripserat,

246 842 282 876 in
300 841 402 876 exilio
420 839 586 879 Liberius,
602 848 756 882 quaeque
772 834 833 881 ipsi
851 848 867 870 a
881 833 1097 879 Demophilo
1119 831 1232 866 fuerat
1263 831 1393 869 oblata,
1419 844 1457 867 ut
1483 833 1584 879 hujus
1601 832 1861 879 subscriptionis·

247 889 419 926 occasione
437 889 566 923 AEiiani
582 884 765 932 sparserint
791 886 827 920 in
854 883 978 929 vulgus
1005 881 1180 916 Liberium
1208 880 1396 915 dissimilem
1418 882 1509 926 patri
1534 880 1647 916 filium
1673 881 1859 928 agnovisse,

248 952 334 985 quae
352 951 405 973 res
423 938 533 974 movit
545 948 619 976 eos,
632 936 692 980 qui
707 933 906 969 Semiatiani
925 930 1141 971 dicebantur,
1169 941 1207 964 ut
1223 929 1264 964 ab
1283 941 1323 964 eo
1341 930 1504 965 Sirmium
1520 929 1658 965 reverso
1674 933 1856 978 exigerent,

248 1000 286 1023 ut
310 987 419 1022 filium
445 997 505 1033 pat
515 987 544 1021 ri
569 996 686 1020 natura
712 983 854 1018 similem
873 980 998 1027 scripto
1015 979 1251 1025 profiteretur.
1304 978 1460 1014 Nambis
1478 978 1672 1026 subscripsit
1689 982 1857 1023 Liberius,

246 1038 398 1083 primum
418 1035 556 1081 quidem
577 1036 612 1070 in
629 1033 728 1069 exilio
751 1031 831 1067 fidei
849 1029 1018 1067 formulae
1039 1029 1097 1064 sibi
1123 1042 1143 1064 a
1166 1028 1380 1075 Demophilo
1404 1028 1554 1070 oblatae,
1607 1042 1695 1075 quae
1718 1032 1857 1076 quidem

245 1086 369 1133 procul
386 1085 493 1121 dubio
511 1085 637 1120 Ariana
656 1081 798 1130 prorsus
815 1092 903 1119 erat.
931 1092 1008 1115 nam
1027 1077 1256 1125 Demophilus
1276 1079 1438 1113 Arianam
1450 1078 1610 1114 haeresim
1626 1079 1859 1127 palanfiprosi-

246 1138 310 1172 teri
328 1148 398 1171 non
413 1134 610 1171 verebatur:
638 1132 717 1168 huic
736 1143 849 1167 autem
870 1142 947 1166 cum
965 1125 1221 1174 subscripsisset,
1250 1127 1381 1173 scripsit
1397 1127 1437 1162 ad
1456 1128 1634 1163 orientaies
1655 1129 1780 1166 litteras
1800 1131 1856 1166 ob.

247 1184 366 1221 testans
380 1197 448 1226 eos,
465 1195 503 1219 ut
519 1184 681 1229 quoniam
699 1183 734 1216 in
753 1180 914 1217 omnibus
937 1177 1152 1225 'Demophilo
1180 1189 1211 1212 et
1234 1177 1457 1212 orientalibus
1482 1176 1713 1221 consenserat,
1764 1181 1855 1226 apud

246 1237 492 1280 imperatorem
503 1232 657 1272 efficiant,
676 1243 713 1266 ut
731 1230 773 1265 ab
791 1230 891 1264 exilio
910 1238 1105 1268 revocetur,
1156 1237 1190 1260 et
1205 1226 1247 1260 ad
1267 1225 1430 1261 ecelesiam
1450 1226 1542 1261 sunm
1559 1226 1680 1264 redeat.
1734 1231 1856 1264 Evoca.

247 1296 300 1318 tus
318 1286 432 1329 itaque
448 1282 610 1317 Sirmium
627 1279 784 1314 Liberius
803 1279 951 1313 occurrit
968 1276 1017 1310 ibi
1044 1275 1165 1322 synodi
1191 1278 1390 1320 Ancyranae
1415 1274 1534 1319 legatis
1546 1299 1554 1314 ,
1608 1276 1666 1319 qui
1692 1277 1856 1321 quoniam

250 1334 377 1367 lEtiani
396 1333 430 1365 in
454 1330 577 1374 vulgus
593 1326 805 1373 sparserant,
829 1326 1005 1361 Liberium
1024 1322 1134 1357 filium
1154 1324 1244 1368 patri
1272 1321 1463 1358 dissimilem
1485 1320 1657 1368 profiteri,
1693 1337 1734 1361 eo
1759 1327 1854 1371 quod

247 1378 541 1417 consubstantialis
558 1376 763 1412 vocabulum
783 1372 982 1411 damnasset,
1017 1372 1060 1407 ab
1085 1384 1125 1407 eo
1144 1382 1339 1417 exegerunt,
1358 1384 1396 1406 ut
1415 1383 1508 1407 torno
1526 1370 1758 1410 formularum
1778 1374 1855 1411 sub,

248 1430 429 1470 scriberet,
479 1439 584 1473 utque
599 1425 710 1462 filium
727 1436 845 1460 natura
862 1425 953 1470 patri
972 1421 1112 1457 similem
1129 1420 1358 1466 profiteretur.
1412 1423 1463 1455 Ita
1478 1434 1550 1456 rem
1569 1434 1679 1458 narrat
1696 1426 1855 1461 Sozome-

248 1492 311 1515 nus
337 1478 394 1513 lib.
416 1489 450 1521 4.
469 1477 545 1513 hist.
563 1489 589 1512 c.
614 1488 667 1520 15.
693 1475 751 1509 eui
768 1473 978 1509 consentiunt
995 1472 1132 1514 antiqua
1149 1480 1378 1509 monumenta,
1399 1482 1483 1514 quae
1492 1473 1712 1517 reperiuntur
1721 1475 1755 1509 in
1767 1472 1857 1522 frag-

242 1529 366 1565 mentis
385 1528 532 1567 Hilarii,
560 1525 650 1560 unde
670 1524 776 1568 liquet
793 1521 971 1557 Liberium
990 1519 1031 1554 ab
1049 1517 1170 1553 haeresi
1195 1517 1333 1552 liberari
1360 1530 1430 1552 non
1455 1519 1554 1565 posse,
1852 1529 1862 1537 ·

396 1577 551 1620 Quintus
568 1574 613 1609 est
630 1576 803 1612 Zozimus,
820 1572 880 1615 qui
896 1568 1052 1605 Coelestii
1063 1567 1225 1602 haeretici
1241 1565 1395 1602 libellum
1406 1568 1608 1605 catholicum
1625 1567 1688 1604 esse
1698 1582 1855 1616 pronun-

250 1629 364 1668 navit,
392 1637 539 1669 eumque
556 1624 644 1658 datis
662 1623 704 1656 ad
724 1619 904 1656 Africanos
923 1619 1042 1653 litteris
1061 1615 1317 1663 comprobavit:
1352 1629 1428 1652 nam
1446 1616 1501 1652 etsi
1526 1630 1680 1657 errorem
1699 1619 1856 1655 Coelestii

249 1690 318 1711 non
339 1675 580 1723 adprobaverit
596 1670 773 1720 pontifex,
800 1681 945 1704 attamen
973 1668 1044 1714 ejus
1070 1666 1111 1701 de
1137 1676 1274 1712 peceato
1292 1665 1451 1711 originali
1469 1667 1715 1704 dubitationem
1733 1669 1855 1715 procul

249 1727 356 1761 dubio
373 1724 596 1771 adprobavit3
623 1723 668 1757 ita
685 1725 774 1766 Aug.
792 1719 850 1755 lib.
873 1732 903 1754 2.
924 1718 965 1752 ad
983 1714 1098 1753 Bonif.
1116 1727 1143 1750 c.
1160 1726 1189 1760 3.
1243 1714 1415 1757 Quaenam
1433 1717 1587 1755 tandem,
1614 1719 1743 1763 inquit,
1782 1730 1856 1767 φιρ-

247 1778 319 1810 reta
338 1773 548 1810 venerandae
563 1774 736 1807 memoriae
751 1781 862 1817 papae
881 1769 1031 1807 zozimi,
1058 1777 1144 1814 quae
1159 1765 1399 1811 interloquutio
1410 1769 1592 1813 reperitur,
1603 1766 1663 1802 ubi
1676 1779 1855 1814 praecepe-

248 1828 318 1865 rit,
350 1824 442 1858 credi
460 1831 612 1869 oportere
620 1820 691 1868 fine
709 1821 774 1854 ulto
790 1821 877 1853 vitio
892 1819 1023 1864 peccati
1036 1815 1218 1863 originalis
1234 1812 1392 1850 hominein
1408 1817 1500 1860 nasci
1507 1839 1518 1852 .
1543 1817 1702 1863 nusquam
1715 1817 1855 1863 prorsus

249 1874 306 1908 hoc
322 1873 414 1908 dixit
425 1898 433 1912 ,
460 1873 618 1920 nusquam
636 1872 767 1904 omnino
783 1866 996 1914 conlcripfit,
1016 1864 1079 1910 sed
1094 1876 1163 1899 cum
1174 1863 1233 1897 hoc
1256 1863 1428 1909 Coelesiius
1445 1867 1482 1899 in
1494 1866 1556 1910 suo
1573 1865 1682 1900 libello
1693 1865 1853 1912 posmjffet

246 1925 340 1957 inter
357 1924 417 1956 illa
438 1921 626 1956 dumtaxat,
637 1919 677 1953 de
696 1915 817 1965 quibus
826 1918 863 1962 se
882 1915 1038 1951 dubitare
1053 1922 1087 1948 et
1102 1912 1224 1958 instrui
1239 1913 1326 1948 velle
1342 1913 1506 1960 confeffus
1522 1914 1564 1960 est
1575 1914 1749 1950 inhomine
1767 1926 1855 1950 acer.

247 1974 328 2005 rimi
345 1973 496 2018 ingenii,
523 1972 580 2016 qui
586 1969 740 2015 profeflo
749 1966 1032 2014 ficorrigeretur,
1056 1960 1418 2009 plurimisprbfuiffeu
1443 1963 1853 2004 voluntasemendationis.

248 2032 314 2061 non
331 2019 458 2066 falfitas
475 2018 642 2065 dogmatis
657 2014 845 2062 adprobata
862 2014 920 2060 est,
946 2023 979 2048 et
995 2021 1177 2060 propterea
1208 2009 1335 2045 libellus
1363 2014 1432 2059 ejus
1456 2013 1632 2048 catholicus
1656 2012 1767 2048 diffus
1790 2012 1852 2059 est,

248 2072 328 2116 quia
347 2078 379 2103 et
397 2070 451 2102 lzoc
469 2067 646 2101 catholicae
661 2067 778 2100 mentis
798 2063 857 2110 est,
877 2063 907 2109 fi
921 2076 986 2110 qua
1004 2066 1095 2108 forte
1110 2062 1215 2096 aliter
1230 2061 1327 2105 sapit
1349 2073 1448 2108 quam
1473 2064 1604 2097 veritas
1626 2063 1757 2110 exigit,
1783 2073 1850 2096 non

250 2130 288 2152 ea
305 2117 473 2165 certiffime
491 2113 651 2157 definire,
673 2113 735 2159 sed
753 2113 881 2148 deteaa
897 2124 933 2146 ac
948 2110 1165 2156 demonstrata
1183 2109 1347 2154 respuere.
1400 2111 1450 2146 sta
1467 2111 1622 2156 primum
1640 2108 1851 2156 Augustinus

252 2165 405 2202 excusare
423 2177 568 2199 conatur
585 2161 714 2198 fabium
731 2162 862 2196 zozimi
880 2161 1055 2207 probantis
1070 2157 1221 2193 libellum
1249 2156 1418 2200 Coelestii,
1453 2159 1512 2203 qui
1535 2158 1780 2198 dubitationem
1807 2158 1851 2194 de
1871 2202 1874 2206 1

249 2227 390 2262 peccato
409 2213 568 2259 originali
585 2210 803 2258 praeferebar.
855 2210 986 2246 Deinde
1005 2221 1084 2246 vero
1101 2207 1180 2241 huic
1195 2205 1406 2253 responsioni
1421 2219 1546 2253 parum
1562 2205 1669 2241 fidens
1693 2207 1773 2241 haec
1792 2207 1850 2242 ad·

249 2266 310 2300 dit.
360 2264 462 2310 defi
471 2288 479 2305 ‚
507 2264 602 2310 quod
617 2261 716 2303 abfit.
741 2271 821 2300 tunc
836 2260 962 2309 futjffet
979 2259 1020 2299 de
1038 2256 1191 2304 Caelestio
1209 2257 1264 2303 vel
1279 2257 1416 2306 Pelagio
1432 2260 1469 2294 in
1485 2257 1635 2295 Romanu
1658 2256 1782 2342 ec‘fffi‘
1791 2258 1850 2303 jue

1708 2346 1709 2349 ,
1731 2317 1798 2347 ’ἰὼ
