1961 2718
323 203 393 246 346
526 197 596 233 DE
623 196 896 240 ANTIQUA
948 192 1239 228 ECCLESIAE
1289 194 1617 231 DISCIPLINA

267 286 480 331 ⁴cendorum,
506 281 824 320 transferendorum
843 295 880 318 ac
899 280 1184 317 diffolvendorum
1200 279 1399 326 potestatem
1415 280 1562 317 habere?
1589 285 1742 319 citantur
1755 283 1875 318 Dama-

273 336 331 373 sus
347 348 436 383 papa
453 345 484 370 et
502 333 723 369 occidentales
744 332 924 368 scribentes
941 343 1004 377 per
1019 342 1201 366 numerum
1221 329 1465 376 episcoporum
1489 334 1635 367 Arimini
1655 344 1875 378 congregato-

272 399 352 423 rum
373 384 621 433 praejudicium
638 380 712 418 fieri
731 395 799 418 non
818 380 982 428 potuisse,
1007 380 1272 428 quandoquidem
1289 381 1472 416 Romanum
1490 382 1690 428 pontificem,
1713 384 1804 428 cujus
1824 394 1877 417 ex-

268 434 454 484 speflanda
470 443 546 470 erat
565 435 722 480 inprimis
744 435 930 469 autoritas,
958 429 1120 475 constabat
1132 431 1183 465 lzis
1198 442 1262 465 non
1279 430 1464 477 praebuiffi·
1484 434 1677 476 consensum.
1731 431 1793 465 Sed
1805 443 1874 465 non

272 487 314 520 de
333 497 404 520 uno
419 486 574 519 Romano
591 479 754 528 pontifice
772 481 805 515 id
828 481 1017 521 decretum,
1046 478 1103 514 sed
1120 480 1220 514 etiam
1236 481 1420 514 Vincentio
1438 491 1469 514 et
1485 479 1557 514 aliis
1577 480 1744 526 pluribus.
1771 482 1876 515 Dein-

274 534 315 569 de
332 535 408 578 quis
426 544 524 579 neget
539 532 697 578 inprimis
722 528 975 575 exspeEtandam
998 527 1060 563 effe
1078 530 1221 564 Romani
1237 527 1402 575 pontificis
1417 530 1629 564 autoritatem
1641 554 1651 568 ‚
1685 528 1741 564 sed
1761 542 1803 564 an
1822 531 1875 564 in-

273 583 314 618 de
330 582 483 628 sequitur
495 581 540 622 id,
557 580 651 626 quod
669 579 729 615 fibi
747 579 846 614 sumit
861 583 931 614 Leo
948 581 987 614 X.
1016 581 1209 614 Romanum
1227 577 1425 624 pontificem
1437 605 1445 618 ,
1474 588 1638 627 tamquam
1655 583 1874 614 autoritatem

264 633 374 680 [uper
394 634 501 667 omnia
519 632 656 665 concilia
673 627 863 666 habentem,
883 638 944 663 etc.
997 629 1153 663 citantur
1169 628 1314 673 denique
1332 629 1447 673 plures
1470 627 1598 675 synodi,
1619 640 1703 673 quae
1713 628 1877 663 dicuntur

272 681 446 728 gestorum
470 678 761 715 confirmationem
773 676 960 724 apontiflce
971 676 1232 723 petiisse‚atque
1244 679 1329 711 inter
1346 678 1404 711 has
1422 677 1682 712 Constantienfis
1707 678 1875 712 laudatur.

273 731 380 774 Quod
405 740 607 776 argumento
632 726 677 762 est
697 739 735 761 ex
759 726 1020 762 confirmatione
1046 725 1104 760 seu
1125 725 1285 761 consensu
1311 738 1342 761 et
1369 727 1615 773 approbatione
1643 726 1814 772 gestorum
1840 728 1875 761 in

271 779 425 815 conciliis
443 792 461 813 a
481 777 638 824 pontifice
657 779 812 811 Romano
830 775 999 819 requisitis
1018 787 1088 809 non
1107 774 1240 814 inferri,
1259 775 1455 821 pontificem
1468 775 1527 810 effe
1546 775 1647 821 supra
1671 777 1873 816 concilium,

271 830 350 864 dum
370 827 519 876 synodus
537 823 808 865 constantienfis,
825 837 842 858 a
862 836 928 868 qua
945 835 1084 869 petitam
1102 835 1119 857 a
1136 825 1289 858 Martino
1317 823 1486 868 gestorum
1510 825 1793 869 adprobationem
1823 825 1875 860 di-

271 877 334 919 cit,
360 881 430 912 Leo
446 875 566 911 diserte
583 873 791 909 contrarium
810 871 986 908 definierit.
1038 872 1099 907 Sed
1124 871 1166 906 de
1184 874 1252 908 hoc
1274 883 1477 918 argumento
1503 873 1568 919 jam
1597 871 1726 908 distum
1754 873 1799 907 est
1823 873 1873 908 su-

270 939 343 972 pra.
396 928 442 960 Ex
459 925 512 959 his
532 934 622 970 patet
640 934 748 967 neque
765 934 803 956 ex
819 919 1036 964 wamiam,
1065 934 1175 966 neque
1202 936 1240 957 ex
1264 921 1450 957 rationibus
1473 921 1607 957 concilii
1633 922 1877 963 Lateranenfis,

270 974 327 1010 seu
343 975 458 1021 potius
474 974 598 1009 Leonis
614 975 653 1007 X.
673 973 709 1007 in
725 971 869 1006 concilio
884 970 1092 1007 Lateranenfi
1111 971 1240 1011 confici,
1249 974 1420 1007 Romanos
1433 970 1607 1017 pontifices
1615 971 1675 1008 effe
1685 970 1787 1020 supra
1796 983 1876 1009 con-

271 1024 366 1067 eilio,
391 1037 457 1072 qua
476 1023 518 1060 de
533 1035 571 1060 re
589 1023 656 1071 jam
674 1020 751 1058 satis
770 1033 802 1059 et
817 1021 953 1065 abunde
974 1035 992 1058 a
1009 1021 1108 1058 nobis
1126 1019 1255 1060 dictum
1275 1019 1337 1059 effe
1363 1021 1524 1059 arbitron

1702 2261 1799 2309 DE
