1982 2739
319 220 391 260 264
524 214 594 249 DE
621 211 895 255 ANTIQUA
948 206 1241 243 EchESIAE
1292 207 1634 245 DisclPLINA‘

272 303 405 342 eausam
432 302 598 349 allegant,
635 311 697 335 nec
721 299 762 334 de
785 299 900 345 primo
930 297 1008 332 loco
1025 308 1104 332 eum
1124 298 1282 331 Romano
1297 294 1458 341 episcopo
1475 287 1707 332 contendunt:
1735 297 1825 333 unde
1850 306 1883 334 et

274 354 398 391 Graeci
411 353 618 388 recentiores
633 350 783 385 fatentur
802 349 955 395 primum
971 346 1088 382 locum
1109 345 1224 380 deberi
1241 349 1412 381 Romanae
1429 346 1589 382 ecclefiae.
1641 349 1770 383 Verum
1789 347 1822 381 id
1835 348 1887 393 ip·

274 405 298 440 fi
320 417 337 438 a
358 403 509 439 conciliis
530 412 562 436 et
581 398 848 447 imperatoribus
869 395 1060 437 indultum,
1087 394 1139 429 vel
1154 393 1199 430 ob
1217 394 1480 441 amplitudinem
1497 395 1592 430 urbis
1608 396 1797 432 concessum
1822 393 1884 432 effe

274 453 503 493 contendunt,
529 463 600 486 non
620 460 732 485 autem
748 449 822 496 jure
844 447 980 485 divino,
1010 455 1042 481 et
1067 459 1085 481 a
1107 447 1206 481 Petro
1230 445 1324 480 illam
1342 443 1430 479 istud
1447 445 1669 490 privilegium
1689 446 1812 482 habere
1829 447 1886 481 a'u·

273 514 416 541 turnant.
477 503 530 538 Sic
555 500 709 536 Barlaam
728 498 914 534 monachus
941 498 976 531 in
994 495 1109 531 libello
1139 494 1180 530 de
1196 507 1303 541 papae
1320 494 1521 540 principatu
1540 505 1611 541 cap.
1634 507 1664 532 2.
1685 497 1749 534 ait,
1764 507 1884 531 omnes

275 554 448 602 apostolos
466 577 476 591 ‚
519 550 633 597 quoad
652 548 820 585 ecclefiam
845 548 976 587 attinet,
1000 547 1036 581 in
1061 547 1137 591 pari
1156 544 1290 580 honore
1313 542 1423 585 fuisse,
1449 542 1533 579 sacri
1550 556 1659 580 autem
1685 544 1886 582 duodenarii

275 605 471 652 principem
489 599 588 637 fuisse
602 603 758 639 Petrum,
785 610 856 643 cap.
878 608 907 641 3.
928 607 1026 642 negat
1043 597 1235 631 Romanum
1252 593 1452 641 pontificem
1476 593 1697 639 peculiariter
1729 592 1792 629 eise
1812 593 1885 630 sue.

276 652 437 690 cefforem
454 651 563 691 Petri,
591 662 663 696 cap.
682 660 714 691 4.
732 650 796 682 ait:
826 649 1007 682 Romanam
1020 646 1130 690 sedem
1147 647 1260 679 multis
1284 646 1420 688 saeculis
1442 643 1513 689 post
1541 645 1677 680 Petrum
1695 646 1885 690 sannorum

271 712 432 753 patrum,
456 700 734 748 piiffimorumque
754 701 989 744 imperatorum
1010 693 1163 732 beneficio
1176 696 1305 740 primas
1316 693 1429 740 fuiffe
1445 693 1587 727 naHam.
1612 695 1697 739 Cap.
1720 697 1753 729 6.
1773 695 1818 729 ait
1837 693 1884 728 se-

275 753 351 787 dem
370 748 782 795 Constantinopolitanam
801 746 964 790 dignitate
979 756 1097 789 parem
1115 741 1198 783 effe,
1227 754 1259 777 et
1284 744 1319 776 in
1347 742 1446 777 rebus
1473 741 1708 784 ecclesiasticis,
1742 743 1886 789 perinde

273 814 373 847 atque
389 800 578 836 R'omanam
597 797 727 833 summa
744 797 890 830 eminere
904 793 1086 839 potestate,
1115 791 1172 826 sed
1193 791 1315 826 ordine
1332 790 1511 825 secundam
1520 789 1883 840 effe:quemadmodum

274 855 382 889 enim,
409 850 522 895 inquit
539 860 612 894 cap.
633 859 664 891 7.
685 856 791 881 novae
814 845 938 877 Romae
953 844 1123 886 episcopus
1140 853 1159 873 a
1175 852 1270 886 papa
1294 839 1451 882 lecundus
1477 840 1594 873 ordine
1618 841 1677 883 eli,
1713 844 1763 875 ita
1784 843 1885 887 plane

273 899 534 938 Alexandrinus
552 899 626 931 huic
636 893 820 940 secundus,
848 889 966 926 deinde
974 887 1212 924 Alexandrino
1226 890 1399 935 proximus
1415 889 1658 929 Antiochenus,
1688 890 1884 938 Hierosoly-

273 953 420 987 mitanus
434 947 576 993 denique
592 944 811 979 Antiocheno.

424 998 499 1031 Hac
513 993 643 1029 ratione
659 1002 756 1037 negat
774 986 1172 1034 constantinopolitanos
1191 985 1350 1022 antistites
1368 999 1387 1022 a
1405 984 1573 1033 pontifice
1583 987 1744 1024 creandos
1764 988 1835 1030 este,
1854 1000 1886 1026 et

274 1060 347 1094 cap.
371 1059 401 1090 9.
418 1056 524 1092 papae
541 1043 811 1090 praerogativam
829 1040 863 1073 in
883 1050 924 1073 eo
943 1037 1038 1072 {itam
1054 1036 1116 1072 effe
1135 1036 1252 1074 docet,
1277 1045 1318 1071 ut
1329 1038 1439 1084 primo
1457 1036 1594 1082 sede-ret
1623 1040 1704 1078 loco,
1737 1042 1884 1086 primus.

275 1109 337 1146 que
349 1098 471 1143 frater
489 1094 741 1140 appellaretur,
768 1099 868 1137 atque
894 1087 976 1122 adeo
1001 1090 1039 1121 in
1060 1086 1198 1134 mysticis
1227 1086 1368 1121 divinae
1394 1087 1566 1134 liturgiae
1589 1087 1746 1134 precibus
1761 1091 1884 1135 ,prima
1931 1119 1955 1127 -,

275 1148 369 1182 illius
385 1145 507 1180 mentio
517 1142 631 1186 fieret.
688 1140 741 1176 Tu
757 1164 767 1178 ‚
784 1139 815 1186 fi
837 1137 920 1186 quid
942 1138 1104 1183 amplius,
1130 1136 1264 1181 inquit,
1300 1135 1411 1171 dicere
1435 1135 1553 1171 habeas
1581 1149 1597 1172 e
1614 1138 1724 1183 sacris
1750 1140 1885 1174 canoni-

275 1196 334 1233 bus
350 1220 359 1236 ,
387 1195 424 1230 id
442 1192 643 1240 demonstra,
670 1192 806 1225 minime
825 1186 1094 1234 refragabimur.

424 1242 548 1278 Eadem
575 1241 675 1275 habet
700 1239 804 1274 Nilus
831 1238 865 1271 in
892 1235 950 1270 lib.
983 1236 1022 1269 de
1048 1235 1228 1280 primatu:
1258 1235 1337 1269 Cum
1354 1258 1363 1271 ‚
1391 1235 1525 1278 inquit,
1554 1235 1618 1270 duo
1645 1238 1735 1271 circa
1758 1248 1883 1283 papam

274 1290 505 1334 consideranda
533 1289 602 1335 fint
623 1314 632 1329 ,
676 1288 764 1336 quod
790 1296 822 1320 et
848 1287 973 1319 Romae
998 1286 1165 1329 ethcopus
1185 1283 1231 1328 fit
1256 1292 1289 1317 et
1312 1292 1494 1328 praeterea
1512 1308 1520 1324 ,
1570 1285 1660 1330 quod
1679 1284 1728 1330 stt
1751 1289 1882 1332 primus

274 1345 418 1379 aliorum
444 1340 688 1385 episcoporum,
713 1337 810 1381 prius
836 1332 924 1367 illud
951 1344 971 1365 a
997 1332 1098 1366 Petro
1125 1333 1268 1376 accepit,
1286 1330 1376 1377 quod
1391 1332 1521 1374 scilicet
1536 1333 1584 1377 fit
1610 1334 1734 1369 Romae
1759 1337 1882 1381 eptsco.

274 1404 358 1440 pus,
387 1390 529 1424 alterum
553 1397 633 1420 vero
653 1398 673 1420 a
689 1384 812 1429 sanHis
826 1379 985 1428 patribus
1007 1388 1040 1414 et
1063 1381 1133 1426 piis
1155 1377 1294 1426 regibus
1313 1380 1412 1413 multo
1433 1379 1500 1424 post
1526 1389 1685 1427 tempore.
1739 1383 1879 1420 Etenim

276 1440 349 1487 sedi
365 1439 487 1474 veteris
505 1437 645 1475 Romae,
670 1433 758 1482 quod
777 1431 856 1467 urbs
874 1431 934 1464 illa
952 1430 1158 1475 imperatrix
1174 1429 1272 1473 esset,
1301 1430 1418 1462 merito
1435 1437 1551 1474 patres
1564 1433 1734 1476 primatus
1760 1433 1881 1481 digni..

277 1498 380 1527 tatem
407 1484 614 1522 tribuerunt.
669 1484 763 1517 ldern
788 1482 822 1514 in
850 1478 908 1512 lib.
935 1477 975 1511 de
1001 1475 1131 1511 diffens.
1158 1474 1269 1510 eccles.
1296 1476 1415 1523 Neque
1436 1489 1514 1512 vero
1533 1504 1540 1518 ,
1568 1480 1698 1525 inquit,
1726 1484 1814 1518 illud
1841 1486 1879 1520 in

279 1540 376 1584 causa
407 1535 448 1582 est
466 1560 474 1574 ,
503 1533 591 1581 quod
617 1533 738 1567 Latini
764 1529 934 1574 affirmant
959 1538 1015 1560 nos
1041 1524 1134 1559 nobis
1156 1526 1342 1569 primatum
1367 1537 1535 1573 arrogare
1561 1531 1647 1564 velle
1664 1555 1672 1571 ‚
1708 1540 1742 1565 et
1768 1537 1804 1566 in
1830 1537 1879 1576 le-

276 1588 393 1626 gundis
420 1583 491 1631 post
516 1584 696 1618 Romanum
722 1580 954 1626 principatum
979 1575 1066 1609 nolle
1083 1573 1265 1621 coafistere‚
1280 1572 1441 1619 fimulque
1456 1573 1530 1609 ideo
1543 1589 1655 1623 pacem
1673 1579 1861 1618 denegare

275 1647 379 1687 „eque
396 1635 499 1673 enim,
525 1633 677 1678 inquam,
703 1641 771 1664 cum
785 1629 932 1664 Romana
947 1621 1072 1668 ecclelia
1090 1622 1132 1658 de
1148 1625 1303 1670 primatu
1318 1621 1561 1665 contendimus,
1587 1639 1693 1674 neque
1707 1628 1748 1663 de
1766 1606 1882 1674 secun:

277 1688 318 1724 do
335 1688 399 1721 loco
416 1693 501 1718 num
518 1684 647 1728 agitur.
701 1681 748 1713 Ex
766 1677 818 1712 his
837 1673 1029 1720 perspicere
1046 1672 1143 1713 licet,
1172 1684 1256 1717 quae
1280 1669 1318 1705 fit
1342 1672 1574 1710 recentiorum
1601 1676 1813 1713 Graecorum
1836 1679 1877 1715 de

277 1737 429 1784 primatu
453 1733 625 1768 Romanae
651 1726 803 1766 ecclesiae
828 1723 1007 1763 sententia,
1041 1732 1073 1759 et
1107 1723 1143 1760 in
1167 1720 1291 1769 quibus
1311 1732 1390 1759 vera
1409 1720 1538 1765 dicant.
1564 1724 1599 1762 in
1620 1725 1745 1774 quibus
1762 1740 1878 1767 avem

272 1785 442 1824 aberrent.

1669 2263 1711 2320 §.
1741 2262 1819 2310 111.

1978 1216 1982 1222 ,,
1981 1194 1982 1198 Α
1977 1146 1982 1165 ,-
1968 798 1982 1119 „-.-.1-...-.saeae.=-—¹.=-'-n-..
1979 757 1982 781 --
