2022 2733
319 201 829 240 DISSERTATonEs
864 200 1212 240 HISTORICAE.
1244 205 1410 243 nxssm.
1442 208 1508 245 111.
1599 220 1681 254 207

675 293 720 344 C
756 293 803 343 A
839 293 876 344 P
914 292 961 345 U
999 294 1048 345 T
1120 294 1187 346 Π.

292 401 345 448 In
374 411 473 459 quos
502 408 538 446 et
562 409 735 462 propter
771 402 866 459 quid
896 403 1004 462 ferri
1026 405 1139 465 poffit
1169 406 1526 451 excommunicatio.

107 507 553 624 Excommunicationis
577 548 638 583 hae
663 543 805 581 fuerunt
832 545 916 581 olim
935 548 1132 585 ordinariae
1154 549 1287 584 causae:
1315 552 1429 596 'prima
1445 563 1552 596 prava·
1577 549 1735 586 destrina

230 609 261 632 et
288 598 431 633 traditae
457 610 479 632 a
502 596 637 633 Christo
664 608 696 630 et
723 593 886 641 apostolis
914 595 1118 645 disciplinae
1142 598 1289 634 adversa.
1364 601 1515 635 Secunda
1541 601 1610 634 vira
1637 599 1731 644 flagi-

108 647 194 682 tiola
219 658 252 681 et
269 647 395 682 Christi
421 648 611 692 praeceptis
639 646 807 694 conraria.
859 647 982 682 Tertia
1006 650 1134 695 privati
1159 648 1302 696 alicujus
1327 648 1492 685 adversus.
1516 648 1732 694 disciplinam

108 696 263 731 ecclesiae
289 695 364 731 suae
390 707 449 730 aut
473 696 624 742 privatae
658 694 809 730 ecclesiae
841 695 1003 732 adversus
1041 697 1217 734 universae
1251 699 1406 735 ecclesiae
1439 697 1653 744 disciplinam
1682 710 1731 731 re·

107 745 223 780 bellio.
278 748 355 781 Hae
381 743 495 781 causae
521 746 885 780 excommunicationis
912 759 950 780 ex
977 746 1082 784 sacris.
1104 749 1231 784 litteris
1255 750 1366 796 repeti
1386 747 1535 795 potsunt.
1581 749 1731 782 Primam

105 794 263 830 Christus
298 793 370 841 ipse
405 794 551 830 insinuat
577 795 705 830 Matth.
743 806 774 839 7.
809 795 856 829 ita
890 808 1040 833 monens,
1066 797 1250 844 discipulos
1279 799 1451 835 attendite·
1474 798 1563 833 vobis
1590 811 1609 832 a
1629 797 1727 844 fallis

99 846 297 891 prophetis,
326 853 387 880 etc.
442 847 522 880 Hoc
549 845 595 879 est
623 846 703 879 istos
728 855 839 879 cavete
860 857 900 879 ne
927 847 1216 883 commisceamini
1242 860 1318 883 cum
1345 850 1407 884 eis..
1457 850 1532 882 Hac
1557 848 1657 882 etiam
1689 846 1730 880 de

104 892 202 928 causa
218 892 363 940 apostoli
382 894 553 939 quosdam
574 896 966 934 excommunicaverunt,
975 908 1014 931 ut
1025 897 1149 933 Paulus
1161 900 1406 946 Hymenaeum
1427 909 1458 932 et
1477 897 1728 932 Alexandrum:

102 943 214 986 Quos,
251 944 383 986 inquit,
436 944 565 978 traditi
584 945 755 988 satanae,
773 952 814 979 ut
841 943 975 989 discant
1001 959 1074 982 mm
1097 947 1341 994 blasphemare..
1417 949 1613 990 Monetque
1639 946 1728 979 idem

103 989 279 1036 apostolus
295 993 417 1026 Titum
436 1005 475 1028 ut
494 993 700 1027 haereticum
722 993 897 1027 hominem
920 993 998 1039 post
1016 1008 1123 1030 unam
1139 1008 1170 1030 et
1188 996 1326 1030 alteram
1352 998 1611 1042 correptionem
1634 995 1728 1028 devi-

104 1051 161 1076 tet.
213 1042 412 1087 EtJoannes
430 1039 618 1075 distriffius
636 1042 800 1086 praecipit
818 1053 859 1075 nze
875 1043 911 1075 in
930 1046 1211 1080 communionem
1229 1044 1455 1090 suscipiantur
1472 1047 1508 1084 ii,
1522 1046 1580 1088 qui
1600 1043 1724 1078 dustri-

104 1101 182 1124 nam
201 1089 243 1123 de
260 1087 396 1124 Christo
419 1102 533 1124 veram
556 1103 625 1125 non
645 1088 823 1130 adferunt2
848 1091 940 1126 unde
955 1092 1029 1138 ipse
1045 1092 1157 1129 fertur
1177 1106 1197 1128 e
1212 1093 1333 1129 balneo
1352 1092 1478 1134 exiisse,
1514 1093 1606 1138 quod
1632 1094 1723 1127 intui

104 1138 305 1174 Cerinthum
329 1138 392 1173 eise
408 1138 587 1174 didicisset,
1231 1158 1233 1160 >

254 1199 404 1234 Secunda
424 1199 518 1234 causa
538 1211 643 1242 eaque
659 1210 737 1232 meo
756 1199 885 1243 judicio
905 1199 1076 1244 potiffima
1091 1202 1115 1220 ἦ
1138 1213 1159 1235 a
1175 1202 1309 1237 Christo
1334 1202 1410 1248 ipso
1429 1203 1575 1238 traditur
1595 1204 1721 1238 Matth.

107 1256 158 1288 18.
180 1249 237 1282 ubi
254 1249 441 1294 praecipue
464 1249 580 1292 agitur
599 1247 640 1280 de
664 1257 804 1291 peccato
827 1247 863 1279 in
883 1248 1062 1288 moribus;
1090 1247 1149 1282 sed
1168 1250 1284 1284 eadem
1317 1251 1412 1285 causa
1438 1250 1512 1285 fuse
1537 1252 1724 1297 explicatur

100 1312 119 1343 a
136 1297 240 1333 Paulo
265 1299 302 1332 in
330 1295 423 1342 epist.
446 1296 488 1330 ad
507 1295 668 1330 Corinth.
699 1307 726 1328 1.
752 1305 824 1339 cap.
859 1306 888 1338 5.
911 1307 987 1330 cum
1014 1298 1193 1342 praecipit,
1223 1310 1260 1332 ut
1289 1297 1497 1334 incestuosus
1516 1301 1722 1336 Corinthius

101 1348 255 1396 ejiciatur
277 1345 318 1380 ab
347 1344 489 1380 ecclesia.
572 1346 740 1390 Nescitis,
771 1344 903 1388 inquit,
932 1348 1016 1393 quia
1036 1345 1198 1381 modicum
1220 1350 1431 1394 fermentum
1458 1357 1566 1384 totam
1589 1350 1722 1395 maſjain

95 1399 299 1443 corrumpit,
328 1403 519 1444 expurgate
546 1404 640 1429 vetus
661 1396 882 1438 fermentum,
911 1403 949 1429 ut
965 1394 1042 1440 fiiis
1069 1408 1160 1431 nova:
1184 1398 1357 1444 conspersio
1388 1426 1399 1433 ..
1423 1425 1431 1432 .
1463 1425 1474 1432 ..
1501 1425 1511 1434 .
1538 1398 1659 1445 scripsi
1685 1402 1722 1432 in

95 1446 250 1494 epistola,
281 1445 369 1489 (hoc
387 1443 435 1478 est
455 1445 536 1479 dum
558 1442 668 1477 scribo
690 1443 786 1476 vobis
811 1444 846 1477 in
868 1443 930 1477 hac
949 1443 1112 1492 epistola)
1142 1457 1183 1481 ne
1209 1448 1481 1492 commisceamini
1501 1450 1721 1494 fornicariis,

96 1508 162 1531 non
187 1497 307 1542 utique
326 1495 537 1541 fornicariis
563 1493 662 1538 hujus
689 1491 806 1526 mundi
832 1492 920 1535 (hoc
939 1493 985 1528 est
1004 1496 1207 1542 gentilium).
1230 1506 1292 1532 aut
1320 1500 1434 1532 avaris
1455 1506 1516 1532 aut
1543 1495 1722 1543 rapacibus

97 1554 164 1581 aut>
186 1544 288 1579 idolis
308 1542 559 1585 servientibus,
608 1542 760 1587 alioquin
787 1540 980 1576 debueratis
1014 1543 1055 1578 de
1081 1545 1142 1579 Ιιοσ
1168 1545 1287 1580 mundo
1317 1546 1452 1593 exiiſj'e‚
1498 1559 1585 1582 nunc
1611 1555 1723 1580 autem

94 1593 213 1640 scripsi
238 1592 331 1628 vobis
359 1592 419 1636 (id
437 1589 481 1625 est
500 1589 542 1624 fic
562 1588 707 1634 intelligi
726 1587 824 1623 debet
844 1590 939 1636 quod
957 1590 1093 1639 scripsi)
1123 1606 1187 1628 non
1205 1598 1424 1640 commisceri,
1441 1595 1472 1643 fi
1491 1598 1528 1635 is,
1555 1597 1614 1642 qui
1639 1598 1718 1640 fra-

98 1647 153 1678 ter
179 1644 389 1681 nominatur,
408 1641 449 1686 est
470 1642 671 1685 fornicator
697 1647 757 1672 aut
775 1639 875 1673 idolis
896 1640 1065 1684 serviens,
1093 1651 1154 1677 aut
1172 1644 1368 1684 maledicus,
1396 1654 1457 1680 aut
1476 1644 1629 1688 ebriosus,
1657 1655 1719 1679 aut

98 1696 229 1738 ι’ν-ιηοακ,
265 1703 332 1725 cum
359 1689 519 1736 ejusmodi
546 1699 602 1723 nec
631 1686 735 1722 cibum
758 1689 909 1732 sumere,
958 1691 1042 1737 quid
1068 1693 1159 1725 enim
1180 1694 1265 1727 milii
1290 1694 1336 1727 de
1358 1696 1410 1734 iis,
1439 1695 1498 1740 qui
1523 1696 1613 1738 foris
1636 1694 1717 1738 sunt

97 1741 263 1786 judicare.
343 1740 463 1774 Nonne
490 1737 530 1773 de
557 1739 600 1771 iis
626 1739 685 1785 qui
711 1740 802 1771 intus
821 1740 911 1782 sunt
935 1750 992 1772 vos.
1009 1740 1205 1785 judicatis-r
1252 1754 1327 1776 nam
1355 1753 1404 1776 eor
1431 1745 1490 1789 qui
1510 1744 1605 1787 foris
1624 1744 1717 1786 sunt,

93 1790 187 1826 Deus
205 1788 398 1836 judicabit,
426 1789 565 1833 auferte
591 1788 715 1821 malum
739 1798 780 1820 ex
809 1786 902 1820 vobis
929 1786 1014 1834 ipsts·
1070 1788 1130 1822 Ob·
1152 1789 1290 1823 tertiam
1313 1790 1444 1825 causam
1473 1790 1561 1824 idem
1591 1791 1715 1825 Paulus

94 1848 214 1874 monet
228 1837 381 1872 vitandos
411 1836 475 1871 effe
504 1835 670 1881 quosdam
691 1833 811 1870 fratres
837 1836 1012 1880 inquietos
1035 1838 1096 1881 qui
1119 1838 1279 1873 traditam
1303 1851 1322 1873 a
1341 1837 1374 1873 se
1399 1839 1535 1875 vivendi
1562 1839 1715 1874 formam

94 1886 345 1935 pervertebant.
399 1887 500 1921 Nihil
521 1894 698 1932 operantes
727 1884 907 1927 (manibus
926 1883 1016 1932 suis)
1045 1886 1254 1932 sed'cttriose·
1273 1897 1422 1936 agentes.
1477 1891 1530 1924 De
1554 1888 1608 1924 his
1634 1890 1715 1924 haec

93 1936 212 1978 habet,
240 1936 473 1971 detmntiamus
499 1935 593 1969 vobis
620 1943 657 1969 ut
674 1933 886 1979 subtrahatis
913 1946 970 1969 vos
997 1935 1039 1969 ab
1067 1938 1157 1970 omni
1174 1939 1301 1982 fratre
1329 1938 1560 1973 inambulante
1587 1940 1712 1973 inordi-

93 1981 175 2023 nate
201 1995 235 2021 et
261 1998 327 2020 non
354 1983 534 2029 secundnm
563 1984 793 2020 traditionem,
822 1996 916 2030 quam
942 1993 1145 2031 acceperunt
1168 1998 1189 2019 a
1215 1985 1327 2026 nobis,
1352 1999 1382 2021 et
1409 1986 1545 2033 postea,
1582 1988 1716 2036 quodsi

92 2040 165 2085 quis
191 2048 260 2070 non
287 2033 398 2069 obedit
424 2032 527 2069 uerbo
553 2033 658 2078 nostro
685 2044 750 2078 per
780 2034 947 2079 epistolam
973 2034 1058 2068 hunc
1083 2043 1196 2069 notate
1222 2043 1259 2070 et
1282 2047 1321 2070 ne
1348 2037 1619 2083 commisceamini
1644 2049 1714 2071 cum

91 2087 159 2128 illo,
186 2093 226 2121 ut
252 2083 505 2130 mnfuszdatur,
532 2082 625 2117 addit
652 2094 773 2124 tamen,
801 2092 833 2117 et
860 2083 962 2117 nolite
987 2083 1074 2132 quast
1100 2085 1278 2120 inimicum
1299 2085 1497 2132 existimem
1518 2086 1582 2131 sed
1609 2090 1712 2120 εοννίω

1585 2144 1659 2181 pite

173 2231 190 2249 ‘²
213 2234 246 2260 ld
268 2233 320 2262 est,
352 2232 522 2266 frequentior
543 2237 570 2257 et
593 2232 681 2266 magis
704 2231 817 2262 usitata;
840 2241 890 2258 nec
918 2233 990 2258 enim
1014 2233 1131 2259 dubium·
1151 2232 1196 2265 est)
1219 2233 1284 2268 quin
1307 2234 1371 2261 fidei
1395 2235 1472 2260 causa
1497 2236 1587 2268 potior
1610 2234 1638 2259 {iv
1663 2242 1711 2260 ex„

198 2274 470 2302 “communicationis
493 2273 579 2305 ratiov
611 2282 662 2300 nec
684 2274 712 2299 id
736 2282 836 2307 negare
860 2274 933 2301 milii
954 2283 1030 2301 mens
1053 2275 1114 2302 fuit.
