2023 2760
467 210 976 248 DISSAERTATIONES
1020 215 1391 255 HISTORICAE.
1670 235 1690 265 7

263 297 408 333 Posthac
427 297 546 332 eodem
564 297 666 343 plane
685 296 782 333 sensu
801 301 952 334 occurrit
972 301 1007 335 in
1026 303 1169 338 concilio
1191 309 1364 342 6.0ecum.
1386 317 1467 341 tom.
1490 309 1520 341 6.
1540 307 1656 341 concil.
1669 309 1735 344 col.

117 359 220 391 ¹029·
250 347 311 382 ubi
330 347 546 382 Philatlethes
564 346 739 382 Caesareae
764 359 797 382 et
822 349 1037 386 Theodorus
1066 352 1189 400 Ephesi
1217 356 1351 391 exarchi
1377 368 1504 391 nomen
1531 355 1732 399 adsumunt,

108 397 167 432 hic
188 396 348 438 Afianae,
374 396 432 432 ille
449 397 607 432 Ponticae
633 396 832 432 droeceseos.

261 450 381 491 Itaque
401 446 532 493 ’ἔξαρχος
548 447 695 492 proprie
713 447 741 480 is
763 445 828 484 est,
857 448 916 490 qui
935 447 1097 490 dioecesi,
1124 451 1191 487 hoc
1205 452 1418 498 estpluribus
1430 455 1732 501 provinciisprae-

107 493 165 531 est.
221 496 429 541 Aliquando·
449 507 563 531 tamen
588 508 713 531 nomen
740 495 826 531 istud
854 495 1063 543 simplicibus
1090 502 1365 546 metropolitanis
1393 504 1558 538 tributum
1584 504 1730 550 legitur,

106 544 151 580 fic
169 558 234 592 pro
258 545 526 592 metropolitano
545 544 691 580 sumitur
714 545 750 579 in
778 557 900 591 graeco
925 559 1054 583 canone
1083 553 1116 584 6.
1137 562 1231 585 conc.
1255 550 1472 592 Sardicenfis‚
1508 564 1538 586 et
1561 554 1731 598 Evagrius

106 594 165 630 lib.
185 607 218 638 4.
238 608 266 632 c.
286 608 342 630 11.
360 595 495 643 ἐξοίςχκς
520 606 618 629 vocat
634 594 936 641 metropolitanos,
965 610 1053 641 quos
1077 611 1095 632 a
1113 599 1315 644 patriarchis
1344 598 1554 640 dioeceseos,
1591 602 1657 636 hoc
1685 601 1733 637 est

104 646 179 679 veri
198 646 352 681 nominis
374 644 523 679 exarchis
546 643 746 690 distinguit,
774 646 1045 693 uniuscujusque,
1072 649 1202 693 inquit,
1232 649 1412 694 dioeceseos
1434 651 1655 695 patriarchae
1677 654 1728 686 in.

105 703 159 730 ter
173 696 207 738 se
224 696 478 740 consenserunt,
506 694 759 742 “singularum
776 693 913 729 urbium
941 697 1086 742 epzscopi
1110 699 1265 732 exarchos
1287 700 1363 743 suos
1380 700 1523 745 sequuti
1535 700 1629 743 sunt.
1683 704 1730 734 At

101 744 197 790 apud
208 745 360 779 Graecos
379 744 581 778 recentiores
609 743 731 778 titulus
750 742 884 778 exarchi
898 743 1060 789 pluribus
1080 747 1356 793 metropolitanis
1381 747 1564 788 tribuitur,
1600 759 1638 782 ut
1659 751 1728 783 An..

102 803 248 842 cyrano,
285 795 467 834 Cizicenm
505 792 677 831 Sardenfi,
711 792 989 832 Nmomedienfi,
1026 797 1202 835 Nicaeno,
1239 797 1522 836 Chalcedonenfi,
1555 796 1729 832 Larisleno

100 853 135 877 et
152 842 340 884 fimilibus,
368 855 406 877 ut
424 843 540 877 videre
560 841 604 876 est
622 843 657 876 in
677 845 798 878 notitia
814 842 1024 886 Andronici3
1054 847 1246 890 quinetiam
1260 847 1296 880 in
1320 846 1464 880 concilio
1486 845 1726 881 Constantino-

98 891 256 939 politano
276 892 337 928 sub
356 895 502 929 Menna,
529 892 716 928 Dalmatius
736 891 895 928 abbatum
911 894 1130 938 primicerius
1149 895 1311 929 exarchus
1328 895 1453 930 dicitur
1470 896 1724 930 monachorum

99 940 196 977 urbis
214 944 343 988 regiae,
371 955 473 987 quem
491 941 628 976 titulum
647 942 758 976 adhuc
772 943 895 977 retinet
912 945 958 983 is,
994 944 1049 979 cui
1076 957 1155 979 cura
1181 944 1432 979 monachorum
1459 944 1504 977 est
1530 945 1719 985 commissa,

97 1004 116 1026 a
133 992 323 1039 patriarcha
341 990 721 1036 Constantinopolitano
733 991 969 1026 demandatur.
999 994 1166 1028 Eumdem
1186 994 1322 1028 titulum
1342 992 1400 1027 fibi
1419 993 1603 1028 vindicavi:
1621 995 1722 1028 Tho-

97 1052 170 1075 mas
191 1041 371 1086 episcopus
394 1041 429 1074 in
444 1052 538 1074 conc.
555 1039 766 1074 Constantini.
787 1038 947 1073 adversus
965 1041 1126 1075 Photium
1137 1055 1224 1076 anno
1248 1046 1330 1084 869.
1382 1044 1505 1082 Mitto,
1527 1043 1620 1085 quod
1638 1056 1719 1077 caih-

97 1089 259 1124 ciliorum
277 1089 449 1134 praefides
466 1089 592 1134 ἕξοιςχαι
612 1087 831 1127 dicebantur,
860 1098 897 1122 ut
915 1088 1029 1122 videre
1047 1088 1093 1123 est
1112 1091 1146 1122 in
1169 1103 1260 1125 conc.
1290 1090 1458 1134 Ephefino
1483 1088 1544 1125 afr.
1566 1095 1595 1125 6.
1623 1091 1717 1126 relat,

97 1138 138 1172 ad
168 1139 416 1184 imperatorem
443 1148 528 1174 tom.
563 1149 594 1181 3.
620 1147 715 1172 conc.
741 1136 804 1172 col.
836 1140 920 1180 766.
949 1137 1158 1174 Theodorit.
1187 1138 1246 1175 lib.
1267 1151 1301 1176 2.
1318 1150 1395 1186 cap„
1412 1151 1470 1174 22.
1497 1141 1660 1187 Brugnl.
1685 1154 1719 1177 ι,

96 1199 171 1234 cap.
202 1200 214 1220 1
223 1200 256 1221 0.

849 1287 876 1330 §·
929 1291 975 1325 V.

669 1374 726 1413 De
750 1377 880 1414 nomine
904 1374 1141 1425 patriarchae.

91 1470 354 1568 Patriarchae
369 1492 436 1518 vox
454 1492 596 1527 quoque
613 1492 730 1527 graeca
747 1477 812 1517 est,
840 1490 926 1524 qnae
950 1482 1105 1527 primum
1130 1490 1271 1528 patrum⁴
1291 1482 1446 1527 denotat,
1481 1486 1536 1522 seu
1563 1485 1716 1531 aliquem

189 1533 277 1574 inter
293 1543 406 1578 patres
426 1530 610 1577 insignem:
638 1530 816 1576 reperitur
835 1529 929 1574 apud
943 1531 1137 1572 Thobiam,
1165 1544 1192 1566 c.
1220 1536 1250 1566 6.
1280 1545 1313 1567 ν.
1332 1546 1388 1570 20.
1441 1536 1593 1571 Secunda
1617 1537 1712 1571 nom

85 1585 123 1616 in
136 1583 349 1628 copulatione
357 1582 549 1626 sanHor-um
563 1580 843 1626 patriarcharum
872 1578 1088 1616 admitteris.-
1141 1580 1227 1615 nihil
1258 1593 1366 1618 tamen
1390 1583 1497 1619 fimile
1522 1585 1650 1631 legitur
1674 1585 1710 1618 in

86 1642 218 1676 graeco.
271 1633 372 1665 Extat
392 1630 510 1664 eadem
531 1641 596 1664 vox
614 1629 758 1674 Paralip.
781 1633 810 1666 8.
830 1639 862 1662 ν.
887 1634 943 1667 ²8·
969 1629 1007 1663 ln·
1019 1632 1245 1675 patriarchae
1269 1642 1303 1666 et
1319 1637 1554 1681 cognationum
1576 1636 1710 1680 princi...

80 1692 159 1726 pes,
187 1679 279 1724 apud
301 1677 513 1724 septuaginta
534 1677 599 1712 ἷτυι
613 1681 745 1726 πατρίων
761 1677 920 1723 α’ςχόντες,
950 1676 989 1712 id
1007 1677 1052 1712 est
1063 1683 1178 1724 prima
1196 1693 1233 1715 ac
1239 1686 1425 1728 praecipua
1427 1685 1648 1728 familiarum
1659 1695 1709 1717 ca-

80 1731 168 1775 pita.
223 1727 356 1762 Eodem
379 1726 474 1762 sensu
491 1728 664 1774 reperitur
681 1726 773 1772 apud
793 1738 850 1769 70.
869 1728 1018 1761 Numer.
1037 1738 1112 1772 cap.
1133 1736 1167 1768 8,
1185 1741 1217 1764 v.
1243 1742 1273 1765 2.
1294 1742 1364 1776 cap.
1392 1744 1449 1776 3¹-
1470 1745 1503 1768 v.
1526 1737 1621 1767 r6.et
1634 1744 1706 1777 cap,

83 1788 141 1822 3²·
160 1783 261 1816 v.28.
277 1789 416 1811 necnon
432 1780 528 1820 36.v.
541 1789 572 1812 1.
588 1789 602 1810 1
618 1777 759 1823 Paralip.
778 1787 851 1821 cap,
873 1787 904 1818 7.
921 1788 954 1811 v.
975 1787 1032 1818 40.
1053 1788 1113 1812 etc.
1134 1791 1164 1822 9.
1183 1789 1214 1814 ν.
1235 1792 1265 1822 9.
1295 1779 1419 1815 Esdrae
1439 1792 1469 1824 3.
1487 1794 1520 1815 v.
1534 1794 1587 1816 12.
1603 1780 1649 1814 ibi
1666 1780 1710 1815 {ic

31 1824 33 1826 ¹
82 1825 326 1886 descrikimrur
352 1827 494 1873 ἐςχέιη-ες
511 1830 567 1861 τῶν
579 1828 712 1874 πατρίων
727 1833 753 1861 οἱ
769 1824 966 1872 πρεσβύτεροι
986 1824 1008 1860 b'i
1025 1826 1141 1861 {iseo-av
1157 1842 1205 1861 τον
1225 1826 1298 1863 οἶιον
1316 1845 1366 1864 τον
1389 1831 1494 1876 πςέτον
1517 1835 1543 1865 ἐν
1569 1829 1707 1877 θεμελιώ-

80 1890 124 1910 σει
148 1880 238 1912 durs.
293 1879 333 1909 In
353 1889 444 1910 novo
462 1875 661 1911 testamento
679 1875 797 1910 eadem
826 1886 912 1910 voce
934 1875 1146 1921 Judaeorum
1176 1878 1349 1921 primores
1380 1878 1597 1914 denotamur.
1651 1880 1707 1914 Sic

79 1923 142 1960 ast.
167 1938 200 1960 2.
220 1938 250 1959 v.
273 1937 328 1968 29.
356 1924 466 1959 David
486 1925 677 1970 patriarcha
695 1925 839 1964 dicitur,
869 1935 901 1959 et
914 1936 984 1969 cap.
998 1936 1030 1969 7.
1042 1938 1072 1959 v.
1089 1937 1143 1959 ιο.
1166 1926 1206 1959 de
1224 1924 1304 1959 filiis
1323 1927 1430 1972 Jacob
1448 1928 1539 1963 idem
1562 1929 1700 1963 dicitur„

77 1975 169 2010 Heb.
191 1986 223 2019 7.
241 1987 271 2009 v.
290 1986 321 2015 4.
342 1973 384 2010 de
400 1974 582 2009 Abraham.
636 1975 767 2010 Eodem
788 1973 934 2018 denique
952 1973 1050 2009 sensu
1061 1986 1126 2010 vox
1151 1973 1211 2009 ista
1240 1973 1424 2020 saepiffime
1449 1977 1540 2022 apud
1567 1976 1701 2012 faustos

76 2034 189 2070 patres
209 2034 241 2058 et
271 2021 502 2058 ecclesiasticos
530 2023 716 2070 scriptores
740 2023 898 2059 occurrit.

63 2070 71 2075 ’
99 2112 101 2114 ,
226 2076 272 2108 At
289 2072 497 2117 patriarchae
518 2086 643 2108 nomen
660 2085 767 2120 prout
784 2073 983 2117 dignitatem
998 2071 1151 2117 aliquam-
1176 2070 1354 2118 fignificat,
1388 2074 1544 2119 primum
1573 2077 1607 2110 in
1637 2075 1700 2110 usu

74 2119 144 2157 fuit
153 2121 245 2168 apud
263 2121 430 2169 Judaeos‚
460 2123 520 2166 qui
536 2121 615 2168 post
630 2122 777 2158 eversam
793 2121 1072 2169 Hierosolymam
1088 2121 1224 2166 aliquos
1234 2121 1585 2170 habuereprincipes,-
1610 2137 1698 2168 quos

75 2172 285 2216 patriarchas
303 2171 476 2216 adpellare
490 2170 651 2207 solebant.
703 2172 877 2207 Nominat
895 2170 1078 2215 quemdam
1096 2170 1494 2217 ejusmodipatriarcham
1514 2173 1692 2208 Hellelum

75 2222 213 2255 nomine
232 2221 421 2265 Origenes,
451 2220 530 2255 teste
547 2223 648 2258 Hier.
666 2221 766 2256 inlib.
790 2235 818 2257 1.
838 2220 999 2255 adverlus
1016 2218 1191 2255 Ruffinum
1213 2233 1239 2257 c.
1261 2232 1277 2264 3
1311 2232 1393 2255 tom.
1415 2234 1445 2254 2.
1501 2225 1551 2257 De
1577 2222 1630 2256 his
1650 2220 1695 2256 fic·

75 2266 230 2316 loquitu}
247 2269 419 2319 Epiphan3
435 2269 561 2307 haerefi
582 2282 637 2317 30.
658 2273 744 2318 sunt
761 2281 873 2309 autem
889 2271 928 2306 lu·
940 2269 1011 2318 Post
1025 2271 1256 2317 patriarcham
1272 2270 1413 2317 apostoli
1438 2270 1624 2318 adpellari,
1660 2281 1696 2306 et

1538 2318 1640 2361 infra,
