2022 2733
317 177 813 232 nrssmTA-rtoNEs
862 168 1200 224 mer-omme.
1244 182 1407 220 msam.
1434 185 1477 219 v.
1607 190 1675 228 ης

115 267 191 302 bari
208 265 422 314 adtaeogenda
439 267 597 309 concilia,
634 280 783 313 quorum
808 266 973 315 judicium
999 280 1068 303 non
1087 271 1198 316 pluris
1225 269 1297 306 fieri
1327 273 1470 313 deberet,
1496 283 1596 317 quam
1622 273 1725 308 unius

117 318 264 353 Romani
287 319 472 364 epil-copi?
522 321 615 352 Nam
643 330 661 351 e
676 318 810 353 duobus
837 315 1072 355 infallibilibus
1091 321 1244 368 judiciis,
1273 335 1378 357 unum
1396 324 1504 369 pluris
1522 321 1626 357 altero
1651 321 1725 357 fieri

117 379 188 401 non
204 365 339 412 potest,
367 380 425 401 nec
445 367 514 402 duo
532 365 727 402 infallrbilia
742 368 867 415 judicia
887 369 1052 416 majorem
1073 371 1198 405 habent
1225 374 1441 407 autoritatem
1469 385 1569 418 quam
1595 384 1722 414 unum;

115 416 212 460 quod
230 418 321 450 enim
338 413 518 451 infallibile
533 416 586 456 est,
607 429 742 451 omnem
763 418 907 454 omnino
927 430 1077 455 meretur
1097 418 1217 461 fidem,
1247 434 1306 456 nec
1323 422 1510 467 quidquam
1533 422 1615 456 huic
1630 422 1725 458 certi-

113 465 246 501 tudinis
263 478 300 500 ex
318 466 378 501 illo
396 466 540 513 judicio,
567 465 644 500 licet
661 462 832 500 infallibili
859 468 997 502 accedit.

264 518 396 550 Verum
415 515 448 549 id
466 526 724 560 argumentum,
743 514 837 558 quod
854 515 1067 551 inelukla'bile
1085 516 1147 558 est,
1201 519 1367 565 majorem
1387 519 1485 553 etiarn
1510 520 1620 554 lucem
1640 521 1724 555 acci-

112 564 224 610 pit3ex
237 563 290 599 his
309 564 560 600 controversiis,
587 575 670 607 quas
688 563 843 597 nonnulli
861 564 1009 609 episcopi
1026 562 1169 600 maxime
1187 567 1343 601 catholici
1363 579 1439 601 curn
1460 570 1619 602 Romanis
1638 581 1723 614 pon-

111 612 261 648 tificibus
282 614 493 654 habuerunt}
520 623 596 646 nam
615 611 638 646 {i
656 613 802 647 Romani
818 611 989 657 pontificis
1009 612 1230 649 infallibilitas
1248 617 1282 648 in
1300 616 1481 662 judicando
1505 617 1545 651 ab
1563 618 1722 653 omnibus

112 663 286 698 catholicis
307 659 380 697 rum
399 660 510 696 fixisset
527 663 657 706 agnita,
685 663 804 696 caeteri
824 661 974 709 episcopi
989 663 1147 697 catholici
1169 664 1258 700 illius
1278 665 1649 713 proculdubiojudicio
1661 669 1723 702 ces·

111 710 241 751 iissent,
268 721 302 745 et
317 711 358 745 ab
374 723 416 746 eo
434 709 602 745 dissentire
620 709 715 746 nefas
733 710 794 746 effe
810 710 998 746 duxissent:
1026 712 1068 747 fic
1085 713 1181 748 verbi
1198 716 1300 759 gratia
1314 740 1322 755 ‚
1356 715 1378 749 fi
1398 726 1554 761 ternpore
1569 716 1723 754 Vistoris

116 760 264 796 Romani
277 759 456 807 »pontificis
474 760 638 807 judicium
658 759 836 795 infallibile
858 761 1011 797 habitum
1027 760 1157 801 fuisset,
1185 764 1215 798 ei
1234 777 1303 799 non
1324 762 1534 803 restitissent.
1562 779 1632 801 non
1651 780 1724 804 mo-

111 809 157 845 do
173 808 325 851 Aliatici,
351 809 410 844 sed
430 822 494 844 nec
512 813 669 845 Irenaeus
690 821 721 844 et
740 812 858 845 caeteri
879 811 974 846 orbis
993 811 1164 858 episcopi,
1193 814 1254 858 qui
1273 815 1307 847 in
1337 813 1478 850 illorum
1507 819 1722 854 communio-

110 871 154 894 ne
179 871 296 894 contra
319 861 464 896 Romani
486 858 663 906 pontificis
689 859 889 895 sententiam
909 860 1181 906 permanserunt.
1233 863 1397 898 Similiter
1425 863 1447 898 si
1478 876 1634 911 tempore
1652 870 1720 902 Ste-

107 909 213 954 phani
231 921 450 955 compertum
467 906 582 944 fuisset
597 912 790 944 Romanum
806 909 1004 956 pontificem
1023 923 1137 946 errare
1159 924 1228 947 non
1245 910 1354 958 posse,
1383 914 1576 960 Cyprianus
1587 915 1721 953 etAfri-

109 959 184 992 cani
199 958 385 1003 praesules,
411 971 542 993 necnon
556 958 741 1006 Dionysius
759 970 792 994 et
807 959 865 997 alii
886 961 1027 994 orientis
1044 959 1199 1006 episcopi
1217 962 1252 995 in
1269 963 1431 1007 Stephani
1451 961 1646 1000 sententiam
1657 979 1718 1013 pe.

112 1006 214 1041 dibus
231 1006 382 1044 ivissent⁹
410 1018 473 1040 nec
490 1006 704 1054 disciplinam
728 1007 820 1042 suam
837 1020 955 1042 contra
971 1009 1042 1056 ejus
1060 1011 1276 1044 autoritatem
1294 1011 1470 1047 mordicus
1490 1013 1718 1052 retinuissent}

109 1066 142 1090 et
162 1067 253 1090 certe
269 1058 300 1092 S.
321 1054 531 1101 Augustinus
547 1057 610 1091 hac
628 1056 669 1090 de
685 1068 721 1090 re
739 1068 855 1101 agens,
883 1056 1052 1103 supponit
1075 1070 1133 1093 eos
1159 1058 1268 1093 illaesa
1294 1058 1360 1094 fide
1389 1072 1422 1095 et
1437 1062 1596 1098 charitate
1615 1076 1634 1099 a
1647 1067 1743 1107 ste--

107 1105 223 1151 phano
243 1103 441 1145 diffenfiffe,
470 1106 550 1150 quia
567 1118 620 1140 res
639 1105 795 1140 nondum
812 1104 925 1141 fuerat
944 1107 1105 1153 supremo
1122 1107 1252 1154 judicio
1274 1120 1305 1142 et
1322 1108 1497 1146 infallibili
1514 1111 1717 1150 determina-

108 1164 151 1190 ta.
202 1154 302 1194 Fuit,
356 1155 469 1199 inquit
493 1154 551 1189 lib.
581 1167 612 1190 2.
647 1154 686 1188 de
710 1157 807 1200 Bapt.
832 1167 859 1190 c.
891 1167 922 1199 5.
948 1156 1127 1203 aliquando
1153 1157 1192 1191 de
1222 1156 1384 1203 baptismo
1419 1159 1607 1203 dubitatio,
1658 1168 1718 1212 qui

106 1204 244 1248 diversa
254 1205 442 1248 senserunt,
459 1205 498 1237 in
515 1206 647 1238 unitate
663 1205 872 1247 manserunt,
900 1215 938 1238 ea
956 1204 1126 1244 dubitatio
1146 1206 1349 1252 procedente
1373 1217 1524 1255 tempore
1540 1213 1717 1259 perspefla

104 1255 254 1287 veritate
272 1251 403 1294 sublata
430 1250 483 1296 est.
565 1258 567 1262 ⁴

255 1302 330 1348 Jam
353 1312 434 1336 vero
452 1299 638 1335 {iRomani
656 1297 831 1346 pontificis
846 1297 1016 1347 judicium
1044 1311 1199 1348 tempore
1224 1302 1406 1349 Augustini
1429 1304 1583 1342 habitum
1606 1304 1716 1346 fuisset

106 1349 321 1392 indeficiens,
373 1361 488 1385 nonne
511 1349 673 1396 Stephani
694 1349 825 1398 judicio
853 1350 977 1385 veritas
1001 1349 1181 1397 perspesta
1210 1364 1241 1388 et
1259 1351 1385 1390 sublata
1403 1352 1552 1401 quaestio
1574 1356 1642 1393 dici
1662 1359 1717 1403 tlt-‚0⁴

106 1398 252 1435 buiffet‘?
1433 1402 1434 1405 ’
1723 1422 1726 1425 v

254 1449 422 1494 Denique,
441 1447 553 1484 utalia
569 1448 700 1483 mittam
716 1459 872 1495 tempore
890 1449 1001 1485 Bafilii
1019 1450 1141 1497 Magni
1157 1449 1322 1498 judicium
1348 1453 1496 1489 Romani
1518 1454 1713 1502 pontificis,

106 1497 230 1534 etia'mfi
247 1511 324 1534 cum
343 1497 510 1546 episcopis
528 1496 793 1532 occidentalibus
811 1497 962 1537 sentiret,
991 1513 1060 1535 non
1077 1500 1264 1537 habebatur
1280 1499 1468 1538 infallibile.
1522 1508 1713 1553 Nunquam

107 1548 198 1582 enim
215 1547 270 1583 ille
290 1548 476 1593 (Basilius)
495 1556 551 1580 aut
567 1547 689 1580 caeteri
708 1547 885 1581 orientales
907 1559 972 1583 tres
991 1549 1186 1595 hypostases
1209 1552 1346 1599 rejicere
1368 1553 1569 1596 voluerunt,
1604 1569 1637 1591 et
1655 1571 1712 1594 eos

105 1596 262 1643 probare,
279 1598 338 1641 qui
356 1608 459 1631 unam
477 1593 630 1630 dicebant
643 1593 867 1642 hypostafim3
897 1601 1051 1641 quamvis
1070 1599 1107 1633 id
1125 1602 1270 1635 maxime
1287 1614 1448 1647 urgerent
1464 1615 1541 1638 cum
1558 1606 1712 1643 Romano

105 1644 267 1691 pontifice
286 1645 524 1684 occidentales,
552 1657 613 1678 nec
631 1644 693 1679 alia
710 1644 907 1680 conditione
924 1658 1001 1682 cum
1026 1647 1167 1683 Meletio
1192 1652 1474 1687 communionem
1496 1652 1620 1689 habere
1643 1656 1712 1693 vela

104 1695 196 1736 lent,
225 1707 373 1740 quorum
389 1706 579 1741 propterea
592 1693 741 1741 typhum
771 1694 908 1730 Basilius
939 1697 1060 1730 acriter
1077 1698 1308 1742 reprehendit.

257 1742 492 1779 Confirmatur
507 1744 599 1779 idem
620 1756 658 1777 ex
677 1745 836 1778 Romanis
853 1743 1094 1789 pontificibus,
1145 1747 1206 1791 qui
1229 1747 1272 1782 ad
1298 1747 1411 1784 causas
1428 1750 1651 1788 ecclesiasticas
1670 1752 1709 1789 fi-

104 1792 261 1835 mendas,
287 1791 435 1842 synodos
449 1794 620 1839 petierunt
636 1793 837 1828 convocari:
864 1793 906 1828 fic
923 1793 1080 1829 Liberius
1097 1795 1140 1829 ad
1154 1796 1338 1832 Athanasiii
1356 1797 1708 1846 causamjudieundam

104 1842 275 1890 synodum
292 1843 394 1889 petiit
412 1856 431 1877 a
447 1841 663 1884 Constantio,
689 1841 850 1878 Damasus
862 1854 893 1878 et
914 1843 1134 1879 occidentales
1152 1846 1325 1890 petierunt
1346 1845 1517 1896 synodum
1541 1849 1617 1886 fieri
1636 1853 1709 1888 uni-

103 1890 267 1928 versalem
287 1892 328 1928 ad
344 1904 398 1928 res
417 1892 558 1927 orientis
577 1892 842 1938 componendas,
896 1894 1035 1928 Siricius
1046 1893 1220 1930 Bonosum
1237 1895 1278 1930 ad
1288 1897 1468 1933 concilium
1479 1899 1605 1935 remisit
1619 1901 1708 1948 judi-

103 1940 261 1978 eandum.
312 1943 532 1977 Innocentius
547 1943 648 1988 petiit
664 1941 834 1989 synodum
850 1940 923 1977 fieri
940 1942 980 1977 ad
999 1941 1132 1978 causam
1143 1944 1374 1992 Chrysostomi
1391 1950 1656 1987 examinandam.
1675 1954 1706 1986 S.

101 1991 174 2026 Leo
191 1991 232 2026 ad
252 1991 415 2039 Eutychis
431 1989 563 2026 causam
579 1990 840 2032 retraaandam‘,
868 1991 1198 2038 rescindendumque
1222 1994 1393 2030 latrocinii
1418 1997 1576 2044 Ephesini
1595 1999 1706 2035 decre-

103 2050 196 2077 tum,
222 2039 391 2090 synodum
410 2038 631 2076 universalem
649 2039 858 2075 necessariam
875 2040 935 2075 esse
955 2041 1060 2078 duxit.
1113 2044 1217 2078 Mitto
1241 2045 1325 2080 alios
1355 2046 1572 2083 innumeros:
1609 2049 1705 2094 quod

104 2087 130 2124 fi
145 2091 293 2125 Romani
308 2088 484 2136 pontifices
499 2088 533 2124 se
543 2091 578 2124 in
593 2090 782 2137 judicandis
795 2090 894 2125 rebus
909 2089 1055 2126 fideiaut
1071 2103 1208 2127 morum
1225 2092 1419 2131 infallibiles
1431 2096 1492 2131 effe
1508 2097 1704 2143 praesump-

105 2135 230 2179 iissent,
259 2151 433 2185 nunquam
449 2139 522 2174 illas
540 2138 689 2186 synodos
711 2138 787 2176 fieri
803 2139 986 2187 petiissent,
1013 2139 1069 2175 sed
1085 2140 1252 2188 judicium
1269 2142 1368 2181 suum
1379 2145 1484 2182 veluti
1501 2146 1703 2193 supremum

108 2195 140 2220 et
160 2186 337 2225 infallibile
368 2188 651 2235 interposuissent.

906 2286 951 2322 M
974 2280 1010 2321 ni
1036 2298 1056 2318 2
1557 2293 1650 2330 Con,
