1992 2739
312 210 356 243 ς,
557 196 629 231 DE
664 189 941 241 ANTIQUA
967 192 1275 229 EchEs1AE
1301 176 1675 230 mscnvmm*

258 284 524 321 Alexandrinum
549 287 632 321 alios
655 286 777 333 quippe
804 295 958 324 canones,
987 283 1115 328 inquit,
1142 283 1291 318 Romana
1317 295 1378 317 non
1394 281 1552 318 admittit
1568 281 1701 329 ecclefia.
1755 278 1871 316 Poste·

258 346 368 371 tamen
394 337 574 377 Zozhnus,
603 334 815 375 Bonifacius,
851 344 884 369 et
915 331 1121 368 Coelestinus
1148 343 1292 367 canones
1325 331 1549 369 Sardicenses,
1576 331 1783 378 plerumque
1811 328 1871 364 sub

256 387 397 420 nomine
415 387 649 421 Nicaenorum
669 395 806 430 quaqua
821 381 956 418 versum
976 383 1010 417 in
1027 381 1200 418 occidente
1218 381 1442 428 promulgare
1458 382 1569 416 conati
1595 381 1688 421 sunt,
1716 380 1871 416 illorum-

257 446 323 479 que
346 434 486 470 obtentu
505 434 746 481 adpellationes
765 432 806 467 ad
824 433 917 468 suam
935 431 1043 467 sedem
1062 431 1194 467 trahere
1211 432 1323 467 conari
1345 429 1429 471 suut,
1457 441 1489 465 et
1508 428 1682 465 causarum
1698 429 1739 464 ad
1759 428 1792 464 se
1809 441 1873 475 pet·

257 483 520 529 adpellationem
560 484 797 520 devolutarum
823 485 952 518 Romae
972 481 1144 530 judicandi
1163 478 1354 516 facultatem
1374 480 1431 515 fibi
1448 490 1672 525 arrogarunt,
1699 479 1873 513 renitenti·

257 532 320 568 bus
339 545 451 568 tamen
470 532 651 579 episcopis.
705 532 801 567 Idem
824 533 978 578 deinceps
996 529 1170 569 fecerunt,
1197 534 1265 566 Leo
1282 532 1428 576 primus,
1455 529 1616 576 Vigilius,
1646 528 1800 574 Pelagius
1822 530 1866 563 11.
1907 529 1947 538 Ι

257 594 290 617 et
309 583 501 628 Gregorius
517 595 679 629 magnus,
708 583 766 628 qui
785 581 970 617 nonnullos
989 594 1128 627 quoque
1143 580 1350 616 adversarios
1370 577 1459 615 nasti
1479 578 1573 620 sunt,
1611 577 1669 613 sed
1686 577 1728 613 de
1745 578 1798 613 his
1818 577 1870 612 di·

254 642 368 667 cemus
394 631 496 668 infra.

352 681 521 716 Adversus
546 681 637 720 haec,
666 692 751 725 quae
777 679 844 714 huc
868 691 977 724 usque
996 678 1036 713 de
1053 691 1222 714 canonum
1249 677 1493 713 sardicensium
1521 677 1615 713 sensu
1635 689 1666 713 et
1688 676 1868 712 autoritate

254 728 424 769 diximus,
454 731 535 766 nihil
562 730 669 765 ferme
695 729 811 776 objicit
837 729 1047 764 Christianus
1072 732 1206 774 Lupus,
1235 728 1328 772 quod
1355 741 1423 763 non
1445 725 1551 763 fuerit
1579 742 1595 762 a
1618 726 1716 763 nobis
1734 725 1869 761 abunde

253 779 460 818 refutatum,
487 780 653 814 nonnulla
676 791 784 814 tamen
810 778 863 812 hic
887 779 1012 813 iterum
1039 779 1255 812 excutiemus.
1307 780 1454 812 Canones
1484 779 1715 822 Sat-dicenst·5‚
1745 776 1867 820 inquit,

253 829 311 863 ille
327 842 405 876 pag.
436 843 448 863 1
460 843 473 863 ι
486 843 514 865 ι.
534 831 666 865 donant
683 828 835 875 effeHum
853 840 919 863 non
928 829 1034 873 solum
1053 828 1298 869 demonium,
1325 827 1389 872 sed
1404 836 1436 862 et
1446 829 1691 874 suspensivum,
1728 838 1811 875 ergo
1830 828 1869 860 in

252 881 296 914 iis
320 883 443 928 agitur
466 880 509 914 de
533 880 763 925 adpellatione
776 881 915 924 proprie
933 878 1035 912 dina.
1087 876 1288 921 Respondeo
1313 877 1499 911 canonibus
1516 875 1765 912 sardicensibus
1785 887 1868 921 pro-

250 929 329 974 prie
350 941 407 964 nec
428 929 685 966 devolutivum‚
727 939 788 961 nec
808 924 1035 972 suspensivum
1057 925 1130 960 dari
1148 924 1324 961 effefiium:
1354 939 1421 961 non
1441 926 1689 966 devolutivumJ
1718 927 1797 970 quia
1816 925 1868 967 iu-

252 977 380 1012 dicium
406 991 477 1013 non
507 976 699 1012 devolvitur
721 976 764 1010 ad
789 980 982 1012 Romanum
1006 974 1227 1020 pontificem,
1257 987 1317 1010 nec
1341 977 1486 1020 proprie
1504 975 1758 1022 suspensivum,
1789 968 1870 1017 quia

251 1025 432 1072 episcopus
461 1026 630 1073 depositus
658 1024 793 1070 semper
816 1037 882 1069 pro
910 1024 1061 1069 depolito
1082 1024 1241 1064 habetur,
1269 1024 1378 1070 donec
1403 1027 1437 1058 in
1456 1023 1607 1059 secundo
1625 1024 1754 1071 judicio
1773 1023 1869 1057 resti-
1888 1026 1894 1029 ’

249 1085 379 1112 tuetur.
402 1076 508 1110 Addit
528 1075 620 1110 idem
638 1076 759 1120 Lupus
777 1073 850 1108 dan
867 1077 1024 1109 Romano
1041 1073 1199 1120 pontifici
1217 1072 1414 1120 potestatem
1435 1072 1634 1108 retrafflndi
1652 1072 1788 1120 judicii,
1817 1070 1869 1106 vel

249 1125 285 1159 in
304 1124 387 1160 urbe
404 1128 529 1166 Roma,
557 1125 608 1160 vel
629 1126 662 1159 in
680 1123 835 1171 partibus
853 1135 918 1169 per
934 1122 1084 1169 legatos,
1111 1124 1265 1170 primum
1286 1121 1330 1157 est
1349 1124 1492 1158 omnino
1510 1122 1634 1158 falsum
1647 1149 1655 1163 ,
1682 1121 1757 1156 fuse
1775 1122 1880 1156 enim*

253 1172 470 1215 ostendimus,
484 1174 612 1209 nullam
622 1174 720 1208 aliam
738 1171 938 1220 potestatem
957 1173 1007 1206 illi
1027 1173 1100 1206 dari
1119 1185 1220 1217 quam
1241 1172 1439 1207 decernendi
1459 1171 1733 1207 retra-stationem
1749 1171 1867 1218 judicii

250 1225 287 1258 in
303 1222 469 1269 partibus.
521 1222 713 1258 Secundum
732 1234 771 1255 ex
789 1232 886 1265 parte
901 1219 1026 1254 falsum
1045 1220 1108 1259 est,
1147 1233 1208 1254 nec
1226 1221 1315 1254 enim
1335 1220 1411 1254 solis
1429 1221 1550 1264 legatis
1566 1221 1798 1255 committitur
1814 1219 1866 1266 ju-

254 1272 396 1312 dicium,
422 1271 478 1305 sed
496 1282 628 1305 tanturn
648 1271 857 1315 permittitur
866 1272 1021 1303 Romano
1039 1266 1204 1313 pontifici,
1225 1279 1262 1302 ut
1280 1268 1427 1313 legatum
1443 1282 1501 1303 aut
1520 1270 1648 1315 legatos
1667 1272 1787 1305 mittat,
1805 1270 1864 1312 qui

254 1333 332 1356 cum
350 1319 517 1366 episcopis
534 1320 729 1366 provinciae
748 1330 779 1353 et
800 1316 954 1352 finitimis
974 1316 1120 1363 judicet,
1154 1328 1298 1351 caeteras
1316 1317 1465 1363 ejusdcm
1486 1321 1574 1364 Lupi
1592 1321 1625 1352 in
1646 1317 1866 1360 Quenellium

253 1381 286 1405 et
308 1373 461 1405 Marcam
489 1368 774 1415 expostulationes
800 1367 855 1402 hic
872 1365 1036 1413 proferre
1056 1366 1141 1400 nihil
1160 1367 1295 1406 attinet,
1323 1379 1401 1400 nam
1423 1368 1458 1399 in
1475 1368 1516 1400 iis
1537 1367 1596 1400 ille
1613 1367 1701 1405 nihii
1718 1367 1863 1401 omuino

251 1419 400 1466 probat„
423 1417 479 1453 sed
507 1419 563 1454 sua
591 1416 685 1452 sensa
709 1416 770 1452 esse
796 1416 938 1451 totidem
962 1427 1060 1461 putat
1083 1417 1266 1454 axiomata,
1296 1415 1336 1448 de
1361 1414 1488 1459 quibus
1512 1414 1670 1451 dubitare
1691 1413 1785 1450 nefas
1808 1413 1865 1454 est,

253 1481 407 1514 quaeque
429 1468 522 1503 nulla
548 1467 753 1516 probatione
775 1466 948 1512 indigent,
975 1477 1007 1500 et
1037 1463 1208 1510 quidquid
1236 1475 1314 1498 cum
1339 1465 1383 1498 eis
1403 1476 1473 1499 non
1490 1467 1661 1503 convenit,
1678 1476 1864 1501 erroneum

253 1517 317 1553 effe
349 1529 525 1560 autumat;
573 1530 643 1552 non
671 1516 733 1551 alia
768 1516 810 1551 de
843 1514 954 1555 causa,
1009 1513 1068 1548 nisi
1105 1514 1183 1557 quia
1218 1525 1294 1547 curn
1332 1513 1559 1559 opinionibus
1587 1514 1655 1550 suis
1683 1527 1751 1550 non
1779 1526 1860 1549 con·

252 1578 393 1614 gruunt.
447 1567 588 1614 Perlege
605 1577 717 1602 totum
736 1566 807 1614 ejus
824 1564 962 1604 librum,
991 1562 1155 1608 intelliges
1176 1561 1210 1596 id
1229 1563 1273 1598 ita
1293 1562 1324 1597 fe
1334 1563 1474 1608 habere3
1502 1576 1577 1598 nam
1598 1564 1726 1609 ubique
1743 1564 1860 1599 adver-

249 1618 419 1653 sariorum
437 1627 634 1663 argumenta
653 1628 787 1651 errores
806 1613 869 1648 effe
883 1614 1008 1652 clamat,
1039 1623 1098 1646 nec
1116 1611 1211 1646 aliter
1229 1613 1263 1647 id
1282 1612 1405 1657 probat
1422 1625 1522 1657 quam
1542 1615 1621 1657 quia
1636 1627 1712 1649 cum
1733 1612 1861 1648 senten-

251 1668 295 1702 tia
315 1666 369 1702 sua
383 1680 452 1701 non
471 1666 664 1702 cohaerent.
717 1665 810 1708 Quid
829 1663 931 1698 facias
948 1662 1093 1699 homini,
1110 1661 1169 1706 qui
1186 1673 1255 1695 non
1273 1662 1370 1695 aliter
1388 1663 1428 1696 de
1449 1664 1586 1697 veritate
1604 1676 1705 1709 quam
1716 1675 1860 1710 exprae-

250 1718 405 1765 ¹judicatis
425 1715 651 1762 opinionibus
669 1714 734 1750 suis
756 1713 881 1750 stanin,
904 1710 1026 1758 jubeas
1044 1712 1128 1746 huuc
1141 1713 1296 1756 miserum
1315 1712 1378 1757 effe
1395 1711 1550 1747 libenter.
1863 1729 1868 1732 ·

346 1769 398 1802 Ut
423 1778 533 1800 autem
555 1764 678 1811 probet
701 1760 901 1799 Sardicenfi‘s
926 1759 1063 1796 concilii
1077 1772 1222 1795 canones
1240 1761 1273 1794 in
1290 1773 1505 1796 autoritatem
1525 1760 1683 1797 admissos
1701 1761 1870 1797 etiamab’
1892 1760 1905 1769 ‘

248 1815 469 1852 orientalibus
494 1813 593 1850 fuisse
618 1814 723 1861 paulo
748 1813 826 1859 plus
852 1811 1001 1848 laborat,
1024 1809 1080 1844 sed
1101 1822 1173 1845 non
1189 1810 1297 1855 magis
1313 1822 1505 1856 promovet.
1558 1811 1707 1846 Adducit
1730 1824 1758 1846 1.
1779 1823 1857 1845 con·

248 1866 315 1901 cilii
340 1864 648 1912 Hierosolymitani
671 1863 728 1898 sub
746 1862 899 1897 Macario
920 1860 1135 1900 sententiam,
1164 1861 1199 1894 in
1218 1872 1280 1906 qua
1305 1861 1440 1895 concilii
1458 1860 1658 1895 Sardicensis
1674 1858 1745 1895 asta
1762 1872 1858 1895 com·

247 1915 392 1963 probata
422 1914 512 1953 sunt,
541 1926 574 1949 at
597 1913 743 1959 scriptor
770 1912 879 1946 bonae
904 1908 984 1945 fidei
1007 1909 1183 1944 advertere
1210 1908 1420 1944 debuifferin
1446 1910 1504 1944 illo
1523 1910 1669 1946 concilio
1688 1911 1855 1956 probatos

246 1966 389 2000 minime
417 1963 673 1999 fuifl‘e‘canones
697 1958 931 2000 Sardicenses,
957 1959 1054 2006 cujus
1069 1959 1369 1994 nullam-notitiam
1391 1959 1580 1996 habuerunt
1596 1960 1783 1996 orientales,
1801 1959 1858 1995 sed

247 2026 378 2050 rant-um
399 2013 567 2046 Athanasii
587 2012 831 2046 restitutionem
844 2035 851 2049 ‚
881 2021 914 2042 et
933 2022 979 2049 ea,
999 2021 1083 2054 quae
1100 2008 1268 2043 habentur
1287 2010 1320 2043 in
1344 2009 1436 2054 epist.
1454 2008 1624 2056 synodica,
1643 2010 1695 2044 cui
1715 2007 1855 2045 subscri-

247 2065 383 2110 pserunt
411 2062 597 2097 orior-mles.
654 2062 748 2094 idem
773 2058 950 2094 dicendum
978 2057 1080 2099 adid,
1107 2057 1198 2103 quod
1219 2056 1395 2105 subjungit
1414 2062 1551 2105 Lupus,
1579 2060 1665 2094 hanc
1685 2060 1865 2106 synodum·

246 2113 385 2161 probari
403 2125 421 2146 a
437 2110 568 2151 Basilio,
596 2110 803 2156 Epiphanio,
831 2110 972 2148 Socrate,
999 2110 1205 2147 Sozomeno,
1233 2108 1450 2143 Theodorito
1468 2120 1500 2143 et
1515 2109 1590 2144 aliis
1609 2109 1758 2148 Graecis,
1777 2122 1855 2145 nam

243 2165 284 2200 ab
303 2162 372 2198 istis
388 2160 581 2208 probantur
598 2155 807 2195 tantumaEla
820 2158 889 2204 ejus
909 2159 949 2193 de
964 2158 1170 2193 restitutione
1194 2157 1381 2200 Athanafii3
1411 2170 1479 2192 non
1490 2170 1599 2194 autem
1612 2169 1755 2193 canones
1767 2172 1854 2204 quo-

246 2226 322 2249 rum
351 2222 388 2247 ut
414 2210 483 2246 dixi
511 2210 602 2245 nulla
630 2220 699 2244 erat
728 2209 760 2241 in
790 2208 921 2243 oriente
949 2208 1078 2243 notitia.
1131 2208 1182 2241 lta
1208 2208 1307 2242 etiam
1331 2206 1613 2243 Chalcedonensis
1638 2205 1789 2254 synodus
1815 2210 1851 2246 in

243 2262 513 2312 prosphonetico
531 2260 571 2296 ad
588 2260 822 2302 Marcianum,
848 2269 913 2304 per
931 2257 1107 2294 constituta
1129 2256 1328 2293 Sardicenfis
1343 2258 1462 2306 Judicii
1480 2255 1704 2294 orientalibus
1726 2257 1863 2346 dig-fist&

1713 2320 1750 2344 nt

1962 1585 1976 1594 s
