1982 2739
290 238 362 269 260
566 226 637 262 DE
664 221 942 264 ANTIQUA
969 217 1258 254 ECCLESIAE
1283 218 1618 254 DISCIPLINA

240 322 303 367 qui
319 323 508 355 Romanam
527 312 693 351 ecclesiam
709 310 829 347 mundi
847 319 946 356 caput
970 307 1160 354 adpellant,
1187 317 1219 342 et
1246 305 1303 341 alii
1331 304 1418 340 bene
1441 305 1558 347 multi,
1592 316 1679 351 quos
1705 305 1853 351 imprae-

243 370 425 407 sentiarum
443 375 711 402 commemorare
731 361 874 406 longum
892 358 995 394 foret.

396 417 527 453 Addam
548 411 714 449 nonnulla
731 415 964 446 Romanomm
983 402 1207 454 pontificum,
1240 401 1300 447 qui
1315 401 1401 436 hanc
1427 402 1487 438 {ibi
1513 402 1711 448 dignitatern
1741 403 1855 437 vindi.

250 479 347 506 cant,
375 465 576 501 testimonia.
630 461 768 498 Siricius
786 461 852 504 Ep.
873 458 914 492 ad
937 457 1136 491 Himerium
1153 456 1343 488 Romanam
1363 451 1530 487 ecclesiam
1550 463 1649 498 caput
1665 453 1785 486 mundi
1802 464 1858 498 ap-

251 518 368 565 pellat.
420 515 516 549 Idem
543 512 644 547 habet
662 513 834 544 innocent.
854 504 947 553 epist,
969 518 1023 539 22.
1042 516 1072 540 et
1093 516 1169 547 91.‚
1196 500 1256 536 ubi
1274 511 1370 536 vocat
1389 513 1461 535 eam
1481 498 1613 536 fontem
1632 513 1664 536 et
1675 511 1858 547 caputom-

252 568 351 600 nium
370 562 589 599 ecclefiarum.
642 557 781 595 sanstus
799 560 866 591 Leo
884 555 982 590 serm.
1007 567 1037 588 1.
1057 553 1096 588 de
1115 551 1215 586 natali
1232 548 1486 596 apostolorum,
1516 561 1548 584 et
1566 550 1647 585 alibi
1664 549 1782 596 paffim
1810 561 1860 585 ec·

251 614 365 651 clesiae
384 613 458 648 suae
477 613 662 658 primatum
681 607 833 642 inculcat.
861 607 1008 652 Joannes
1029 615 1059 638 2.
1083 599 1178 648 epist.
1200 600 1241 635 ad
1262 598 1382 647 Justin.
1403 598 1572 635 seniorem
1598 602 1785 634 Romanam
1804 610 1858 633 ec-

252 663 383 699 cleliam
402 674 482 695 vere
505 658 715 694 ecclesiarum
735 665 837 700 caput
857 652 919 688 effe
938 653 1039 690 dicit,
1067 659 1105 686 ut
1119 659 1278 697 patrum,
1305 649 1434 692 inquit,
1461 650 1601 697 regulae
1619 658 1651 684 et
1667 650 1862 696 principum

245 713 375 761 statuta
396 711 577 745 declarant.
605 703 716 742 Anast.
740 717 769 740 2.
793 705 827 738 in
846 715 898 750 ep.
918 702 957 737 ad
971 698 1178 736 Anastasium
1189 700 1452 742 imperatorem,
1481 701 1538 738 ait,
1560 701 1746 733 Romanam
1759 696 1862 732 eccle-

254 761 334 796 {iam
353 762 386 794 in
404 756 586 794 universali
607 754 737 790 ecclesia
763 765 876 788 tenere
902 751 1146 798 principatum.
1225 747 1319 781 Felix
1356 760 1390 789 4.
1420 746 1514 792 epist.
1546 759 1596 787 1.,
1632 758 1663 781 et
1691 742 1801 792 Pela't'g.
1832 758 1864 781 2.

259 810 352 856 epist.
372 811 452 843 item
476 820 503 842 1.
526 805 637 840 sedem
658 802 749 837 suam
774 812 894 836 vocant
913 811 1015 845 caput
1038 799 1192 835 omnium
1217 795 1434 830 ecclefiarum.
1495 796 1688 840 Gregorius
1717 807 1863 841 magnus

258 860 337 894 licet
358 855 555 893 universalis
573 851 724 899 episcopi
742 861 867 884 nomen
889 849 1034 894 rejiciat,
1060 848 1193 891 primae
1210 855 1320 877 tamen
1343 843 1430 877 sedis
1449 843 1597 889 episcopi
1615 856 1740 878 nomen
1761 845 1866 878 etho.

256 920 380 952 piorem
399 905 456 940 {ibi
477 903 642 943 vindicam
671 899 727 934 sed
742 897 885 932 istorum
903 897 938 930 in
955 896 1012 930 sua
1030 894 1125 929 causa
1149 891 1380 927 testimonium
1404 904 1471 925 non
1495 893 1610 937 magni
1634 889 1770 927 fortasse
1794 904 1866 928 mo·

255 957 366 993 menti
385 953 572 992 videbitur,
599 958 812 994 quapropter
826 946 868 980 ad
891 947 1079 991 primatum
1101 940 1247 976 ecclefiae
1263 942 1432 975 Romanae
1448 939 1515 974 fine
1539 941 1764 977 controversia
1788 941 1869 977 affe-

258 1005 424 1042 rendum,
451 1000 679 1036 conciliorum
702 997 831 1032 decreta
848 994 924 1029 sunt
940 991 1158 1040 producenda
1171 1015 1179 1031 ‚
1207 990 1241 1024 in
1261 990 1385 1035 quibus
1403 988 1466 1036 ipsi
1485 991 1584 1026 etiam
1604 991 1724 1027 Graeci
1743 993 1869 1027 Roma-

257 1066 320 1089 nae
339 1050 489 1088 ecclefiae
508 1050 696 1096 primatum
718 1055 942 1091 agnoverunt.

410 1099 603 1135 Adducitur
620 1095 756 1131 concilii
775 1094 921 1130 Nicaeni
941 1104 1049 1128 canon
1066 1088 1192 1127 sextus,
1219 1087 1272 1124 sed
1290 1090 1323 1123 in
1343 1101 1392 1130 eo,
1412 1100 1520 1136 prout
1539 1090 1575 1125 in
1597 1091 1724 1136 graecis
1748 1088 1870 1125 editio-

260 1152 360 1187 nibus
379 1149 524 1195 legitur,
551 1146 638 1182 nihil
657 1143 712 1186 est,
730 1144 822 1180 unde
839 1142 939 1189 possit
963 1138 1127 1187 dignosci,
1148 1151 1250 1183 quem
1271 1138 1386 1174 locum
1404 1141 1491 1173 inter
1514 1139 1751 1185 patriarchales
1777 1137 1873 1173 sedes

261 1202 414 1237 obtineat
438 1201 611 1238 Romana3
644 1206 763 1230 verum
794 1192 979 1228 nonnullae
1006 1190 1083 1225 sunt
1102 1189 1241 1223 canonis
1259 1188 1360 1230 huius
1381 1188 1565 1231 editiones,
1592 1191 1628 1223 in
1647 1200 1791 1234 quarum
1807 1189 1871 1222 ini-

257 1253 308 1286 tio
323 1249 447 1295 legitur
465 1246 589 1292 ecclefia
606 1246 754 1280 Romana
767 1244 902 1288 semper
919 1241 1036 1277 habuit
1051 1241 1254 1284 primatum,
1281 1231 1335 1272 v'el
1350 1237 1390 1272 de
1406 1240 1555 1284 primatu
1573 1239 1740 1274 Romanae
1769 1238 1870 1272 eccle-

249 1300 332 1346 fiae.
392 1300 435 1332 Et
457 1295 597 1340 quidem
630 1293 746 1338 primo
773 1293 819 1324 ita
838 1288 983 1323 refertur
1000 1301 1018 1322 a
1036 1285 1229 1321 Paschafino
1245 1287 1370 1320 Leonis
1388 1287 1423 1319 in
1443 1288 1586 1321 concilio
1605 1284 1875 1321 chalcedonensi

262 1348 376 1392 legato
395 1344 458 1379 ak't.
483 1356 495 1376 1
507 1347 538 1377 6.
560 1341 648 1389 quod
669 1338 791 1384 ecclesia
817 1339 965 1372 Romana
975 1338 1104 1380 semper
1121 1333 1240 1367 habuit
1256 1357 1264 1372 ‚
1285 1335 1345 1376 seu
1363 1334 1485 1379 ecclesia
1503 1335 1652 1369 Romana
1670 1335 1872 1380 semperha-

263 1396 339 1431 buit
362 1397 556 1440 primatum.
614 1394 660 1424 At
684 1387 794 1422 statim
818 1382 1107 1420 chalcedonenses
1126 1393 1240 1427 patres
1255 1381 1401 1415 eundem
1417 1393 1579 1417 canonem
1603 1396 1641 1418 ex
1665 1383 1780 1418 codice
1808 1384 1874 1419 suo

262 1444 333 1480 fine
350 1443 406 1477 ista
422 1441 598 1476 additione
615 1436 809 1473 retulerunt.
864 1438 1090 1479 Quapropter
1099 1429 1439 1465 consentiuntomnes
1457 1432 1581 1467 eruditi
1599 1432 1698 1468 verba
1709 1432 1870 1468 haecnon

264 1492 325 1528 eise
342 1492 506 1538 genuina,
533 1487 586 1522 sed
605 1484 708 1521 assuta
726 1482 796 1519 eise.
850 1486 891 1518 Et
909 1483 989 1516 haec
1014 1480 1149 1524 quidem
1172 1480 1325 1523 primum
1343 1478 1574 1525 inscriptionis
1597 1481 1673 1517 loco
1699 1481 1843 1517 fuerunt

265 1554 296 1577 et
316 1541 357 1577 ab
375 1537 543 1585 aliquibus
560 1536 682 1571 canoni
700 1533 789 1568 sexto
806 1532 961 1566 Nicaeno
978 1527 1123 1574 praefixa
1143 1525 1219 1560 sunt
1234 1526 1299 1561 hoc
1316 1526 1434 1563 modo.
1485 1529 1541 1565 De
1550 1534 1703 1576 primam
1719 1506 1873 1575 ecclefia}

265 1594 434 1628 Romanae
450 1614 458 1629 ‚
485 1587 536 1622 vel
556 1596 642 1620 certe
658 1583 699 1618 ad
720 1582 906 1626 marginem
926 1578 1111 1624 adscripta:
1139 1576 1275 1622 Ecclefia
1296 1576 1447 1611 Romana
1463 1578 1586 1625 semper
1601 1566 1721 1615 habui}
1743 1581 1872 1627 prima-

264 1651 343 1677 tum.
397 1639 501 1680 Hinc}
519 1637 552 1670 in
577 1633 693 1669 mulits
714 1629 950 1675 manuscriptis
968 1627 1049 1662 baec
1068 1625 1167 1660 verba
1185 1625 1314 1669 optime
1330 1625 1560 1671 distinguntur
1580 1627 1621 1662 ab
1645 1626 1720 1674 ipso
1730 1640 1870 1669 canone,
1889 1648 1893 1652 «

262 1687 461 1737 praesertim
479 1697 559 1720 vero
579 1685 613 1718 in
635 1681 749 1717 codice
766 1679 893 1727 Justelli
909 1690 940 1712 et
958 1679 1139 1716 Vaticanae
1156 1673 1381 1708 bibliothecae
1397 1688 1415 1709 a
1432 1676 1619 1712 Sirmundo
1631 1677 1734 1717 edito,
1744 1676 1802 1712 ubi
1813 1690 1869 1712 ex-

262 1739 399 1774 tathaee
415 1734 612 1780 inscriptio,
632 1731 833 1778 deprimam
845 1729 988 1774 ecclefiae
995 1727 1162 1762 Romanae
1173 1732 1207 1758 et
1216 1723 1358 1758 aliarum
1370 1724 1545 1763 civitatum
1556 1728 1728 1774 episcopis,
1753 1729 1799 1762 At
1809 1738 1871 1772 po.

261 1784 477 1833 stea3‚utfieri
494 1784 594 1821 solet,
622 1781 700 1815 haec
718 1778 833 1814 eadem
845 1777 945 1813 verba
962 1777 1135 1810 intextum
1154 1771 1369 1817 lrrepserunt.
1423 1774 1463 1809 Id
1475 1771 1562 1809 exeo
1577 1773 1755 1821 perspicue
1767 1786 1862 1821 patet

264 1837 358 1882 quod
382 1836 438 1870 illa
456 1846 532 1869 curn
551 1828 763 1876 sequentibus
782 1828 963 1863 cohaerere
980 1826 1120 1860 minime
1137 1821 1259 1868 possint
1278 1832 1309 1855 et
1328 1821 1368 1855 ad
1387 1820 1492 1871 hujus
1509 1822 1649 1859 canonis
1665 1825 1805 1870 scopum
1816 1801 1873 1860 ni:

262 1887 313 1922 hil
332 1885 517 1930 quidquam
533 1879 675 1929 faciant,
705 1878 826 1913 deinde
845 1890 906 1912 nec
924 1877 960 1910 in
979 1886 1119 1921 graeco,
1158 1883 1216 1906 nec
1235 1872 1271 1906 in
1290 1870 1358 1906 ulla
1368 1874 1538 1912 verlione,
1565 1885 1626 1909 nec
1650 1874 1686 1908 in
1708 1873 1784 1920 ipso
1808 1886 1871 1922 po·

264 1935 399 1971 steriori
419 1933 532 1968 codice
552 1934 706 1973 Romano
722 1925 877 1975 Dionysii
894 1925 1014 1970 Exigui
1026 1922 1261 1970 reperiuntur.
1546 1920 1548 1924 “

414 1985 522 2018 Porro
541 1978 722 2024 inscriptio
741 1977 822 2012 haec
841 1987 964 2023 parurn
980 1972 1091 2021 fidelis
1111 1970 1174 2011 est,
1201 1981 1364 2014 namque,
1392 1981 1430 2006 ut
1447 1970 1595 2008 diximus
1606 1971 1727 2018 (upra,
1755 1973 1791 2007 in
1801 1969 1869 2007 sex-

265 2046 302 2071 to
321 2044 446 2069 canone
463 2032 621 2066 Nicaeno
641 2039 710 2062 non
736 2027 852 2070 agitur
871 2025 910 2059 de
930 2022 1084 2069 primatu
1099 2025 1267 2058 Romanae
1285 2019 1434 2055 ecclesiae
1454 2033 1537 2066 prae
1554 2022 1695 2056 caeteris
1715 2020 1807 2057 orbis
1818 2033 1871 2057 ec·

264 2082 390 2122 clefiis,
419 2079 473 2114 sed
492 2078 533 2113 de
551 2078 621 2127 ejus
639 2073 875 2124 jurisdistione
891 2074 926 2108 in
947 2071 1095 2108 ecclefias
1114 2068 1379 2109 suburbicarias,
1407 2081 1442 2104 ac
1460 2069 1610 2115 proinde
1631 2071 1692 2115 qui
1713 2070 1800 2106 hanc
1817 2071 1869 2106 in.

265 2130 524 2177 inscriptionem
550 2127 656 2173 primi
682 2123 934 2170 apposuerunt,·
971 2123 1100 2170 quique
1126 2130 1198 2156 eam
1229 2117 1352 2153 deinde
1381 2119 1417 2154 in
1443 2129 1574 2155 textum
1590 2117 1829 2158 immiserunt,
1847 2132 1868 2156 a

265 2183 404 2220 canonis
424 2188 536 2214 mente
553 2175 766 2210 aberrarunt.

330 2254 334 2258 ·
369 2232 489 2274 Itaque
499 2226 612 2273 prima
626 2218 1134 2275 conciliialicujus‘universalis
1152 2214 1279 2252 sanstio
1294 2215 1336 2251 de
1352 2217 1500 2263 primatu
1510 2217 1655 2254 Romani
1672 2214 1868 2263 pontificis,

264 2282 345 2319 haec
356 2278 504 2328 est,q.uae
518 2285 604 2313 extat
614 2285 742 2310 canone
755 2285 789 2314 ι.
798 2268 1166 2321 C'onstantinopolit'ani
1180 2265 1331 2304 concilii:
1350 2266 1732 2315 constantinopolitanus
1745 2265 1866 2302 haheat

1736 2326 1814 2364 prt-
