1940 2718
244 202 319 246 446
450 191 523 230 DE
548 186 822 233 ANTIQUA
872 180 1164 220 EchESIAE
1216 177 1550 216 DISCIPLINA

267 336 288 373 d
309 286 395 373 “Ex
421 281 475 319 his
499 277 644 319 constat,
678 271 875 323 hujusmodi
899 269 1049 318 exempla
1072 267 1271 305 Bellartuini
1296 264 1411 303 causae
1433 267 1512 313 plus
1539 263 1667 307 obess'e,
1703 273 1807 311 quam

198 350 264 390 pro
291 350 308 374 e
334 347 363 375 ε.

525 434 583 474 De
616 431 756 473 tentatis
787 430 822 469 in
855 439 953 477 rege:
977 425 1190 464 Francorum
1215 421 1484 474 depositionibus.

204 567 485 665 Quamquam
500 566 649 607 Romani
669 561 847 612 pontifices
864 561 901 596 in
919 572 1017 606 reges
1035 556 1168 594 nostros
1187 556 1277 592 idem
1290 582 1299 598 ,
1328 555 1422 602 quod
1439 555 1474 590 in
1485 555 1707 601 imperatores
1717 562 1814 598 aper·

329 639 360 665 te
377 624 518 660 statuere
535 628 593 654 aut
611 626 740 651 tentare
757 610 824 648 aufi
843 622 913 645 non
929 609 1076 649 fuerint,
1104 607 1329 641 nihilominus
1341 618 1453 641 tamen
1471 605 1603 641 vibrato
1621 612 1814 637 excommu-

205 677 385 716 nicationis
402 673 486 712 telo‚
514 668 674 703 videntur
693 663 843 707 aliquam
860 661 895 694 in
914 658 992 693 illos
1009 657 1246 693 auetoritatem
1272 655 1334 690 fibi
1360 666 1559 701 comparare
1584 651 1746 693 voluilse3
1780 660 1814 686 at

205 728 298 765 Galli
313 726 405 762 miro
419 724 455 756 in
475 729 574 764 reges
587 712 670 750 'suos
687 708 948 765 studiotsemper
965 707 1102 754 injustis
1120 708 1358 740 Romanorum
1381 703 1557 738 conatibus
1588 701 1812 738 obstiterunt.

205 791 267 813 nec
284 774 473 822 quidquam
488 768 572 815 juris
588 772 733 815 propfer
752 757 947 804 hujusmodi
964 755 1326 790 excommunicationes
1343 753 1473 787 Galliae
1497 764 1592 798 reges
1614 749 1811 790 amiserunt,

207 826 363 870 nihilque
380 819 559 856 turbarum
577 824 616 846 ex
633 810 701 843 illis
721 817 837 847 ortum
857 803 913 839 est.
967 803 1029 838 Sed
1045 801 1146 837 missis
1162 803 1223 838 iis,
1250 814 1335 845 quae
1360 801 1401 834 ad
1428 801 1816 835 excommunicationem

206 872 416 923 spiritualem
434 866 621 913 pertinent,
649 868 734 902 quae
752 866 815 890 nos
835 855 870 888 in
888 852 945 887 illa
962 852 1190 887 dissertatione
1211 850 1426 899 exposuimus
1437 868 1464 890 ‚2
1476 861 1522 888 ea,
1542 843 1653 893 qua‘ea
1668 848 1818 883 nonnul,

206 926 249 960 lis
267 924 309 958 ad
328 916 540 967 pontificiam
558 912 593 945 in
612 904 813 954 temporalia
831 914 953 949 regum
974 901 1104 937 Galliae
1119 899 1319 948 potestatem
1349 890 1586 935 ostendendam
1609 896 1818 939 afferuntur,

204 973 352 1011 breviter
379 964 596 1013 disjiciamus.
1225 946 1227 949 ’

354 1017 489 1053 Primus
516 1008 673 1046 omniurn
701 1003 873 1040 Adrianus
899 998 968 1035 sese
989 998 1089 1034 rebus
1113 999 1277 1034 Franciae
1302 996 1551 1044 temporalibus
1575 995 1756 1032 immiscuit
1774 995 1817 1033 ad

207 1073 439 1109 Hincmarum
459 1060 618 1098 scribens,
641 1066 678 1090 ut
696 1053 840 1089 aCaroli
855 1050 952 1086 Calvi
968 1047 1140 1084 consortio
1157 1060 1188 1083 et
1204 1051 1448 1083 communione
1458 1047 1661 1088 discederet3
1688 1045 1742 1080 sed
1752 1045 1817 1081 sta.

208 1123 273 1157 tim
292 1132 310 1154 a
323 1116 433 1153 Gallis
447 1107 647 1157 responsum
664 1104 759 1145 tulit,
811 1112 978 1145 nunquam
999 1098 1191 1145 hujulmodi
1212 1101 1478 1144 praeceptionem
1502 1096 1542 1131 ab
1573 1097 1631 1131 illa
1647 1095 1733 1141 sede
1751 1097 1818 1131 ulli

206 1165 491 1219 praedeceffiarum
508 1158 634 1205 mzffam
646 1154 772 1202 fmffe’
798 1163 866 1186 cum
883 1153 976 1185 inter
994 1160 1092 1196 reges
1105 1151 1320 1193 sacramentis
1336 1150 1438 1182 etiam
1461 1145 1727 1192 confoederatos,
1759 1143 1816 1189 [ed

209 1223 303 1255 inter
317 1226 453 1265 patrem
472 1219 504 1247 et
519 1208 608 1251 filios
619 1231 627 1247 ,
652 1217 690 1239 ac
706 1207 799 1238 inter
807 1204 948 1246 fratres
959 1201 1092 1245 praetia
1108 1206 1141 1232 et
1149 1197 1333 1242 seditiones
1352 1208 1464 1231 eorum
1487 1194 1692 1243 temporibus
1703 1194 1818 1240 fuzffe

208 1270 407 1313 noscantur,
432 1272 489 1298 nec
505 1261 603 1294 etiam
621 1253 662 1290 ab
685 1254 923 1287 haereticorum
950 1248 1004 1282 vel
1021 1248 1302 1293 schismaticorum
1328 1254 1551 1293 tyrannorum
1577 1247 1818 1291 imperatorum

212 1329 248 1351 ac
272 1325 405 1363 regum,
456 1308 565 1356 quales
588 1307 740 1349 fuerunt
766 1299 992 1344 Constantius,
1027 1297 1196 1332 Ariamm
1233 1304 1291 1330 etc.
1344 1296 1378 1330 A
1405 1295 1507 1341 ostata
1531 1293 1719 1334 Julianus,
1754 1301 1816 1327 etc.

211 1368 312 1401 Ecce,
341 1371 424 1405 quae
443 1356 550 1392 fuerit
568 1364 642 1387 tum
659 1350 826 1393 temporis
847 1345 992 1379 eccleliae
1011 1344 1206 1378 Gallicanae
1223 1343 1263 1376 de
1280 1354 1359 1388 pote
1389 1355 1440 1376 ate
1457 1340 1706 1386 pontificumin
1718 1333 1817 1386 reges

211 1415 290 1450 suos
309 1408 479 1446 sententia.
532 1405 570 1437 In
590 1398 769 1443 Philippos
785 1397 938 1441 primum
956 1404 987 1426 et
1005 1392 1185 1426 secundum
1206 1391 1291 1425 nihil
1313 1390 1403 1425 aliud
1422 1401 1558 1436 praeter
1585 1390 1816 1424 excommuni-

212 1463 378 1499 cationem
396 1467 451 1492 aut
471 1448 692 1496 interdicium
713 1454 884 1482 tentarunt
902 1439 1100 1487 pontifices,
1129 1452 1160 1474 et
1177 1452 1219 1474 ne
1237 1439 1342 1474 verbo
1360 1440 1499 1483 quidem
1519 1451 1638 1473 eorum
1666 1440 1700 1473 in
1731 1450 1819 1474 tem-

213 1510 347 1559 poralia
363 1503 556 1554 potestatem
575 1497 739 1534 laeserunt
754 1506 811 1528 aut
827 1500 1045 1527 attentarunt.
1100 1488 1339 1522 Nihilominus
1365 1499 1476 1521 tamen
1501 1487 1682 1522 adversarii
1708 1487 1819 1523 dicere

215 1573 285 1596 non
302 1567 472 1594 verentur,
491 1564 528 1586 ex
551 1548 616 1583 illis
635 1539 1041 1580 excommunicationibus
1059 1534 1226 1571 indireRe
1250 1536 1479 1582 privationem
1506 1538 1616 1582 regiae
1629 1539 1820 1573 ³⁰t⁰1itatis

214 1608 422 1646 consecutam
442 1599 521 1638 effe,
548 1597 651 1641 idque
668 1592 785 1628 Gallos
813 1588 906 1636 ipsos
933 1599 1007 1622 tum
1029 1587 1194 1632 temporis
1218 1584 1405 1632 agnovisse,
1442 1585 1552 1631 quod,
1585 1597 1623 1621 ut
1649 1585 1819 1632 probent,

216 1660 280 1694 tria
297 1654 396 1691 nobis
420 1650 592 1698 objiciunt.

365 1703 537 1739 Primum,
571 1694 750 1739 inquiunt,
786 1687 922 1724 testatur
939 1689 1015 1722 Yvo
1043 1685 1174 1730 regiam
1197 1694 1359 1719 coronam
1382 1683 1478 1720 simul
1502 1695 1580 1720 cum
1607 1683 1820 1722 absolutione

217 1754 349 1792 restitui
368 1751 488 1787 debere
506 1746 597 1792 regi,
625 1743 775 1786 dicitque
795 1736 887 1785 epist.
907 1740 964 1779 46.
1016 1736 1160 1782 Legatos
1185 1734 1269 1779 ipsos
1286 1736 1414 1782 regios,
1441 1734 1502 1769 hac
1529 1735 1676 1775 ratione,
1703 1736 1820 1777 usuros

217 1804 314 1854 apud
336 1799 545 1850 pontificem,
582 1803 696 1841 regem
722 1802 790 1825 cum
818 1800 922 1835 regno
951 1784 990 1820 ab
1019 1787 1088 1830 ejus
1113 1782 1305 1818 obedientia
1330 1783 1546 1829 receffurum‚
1581 1784 1642 1829 m'fi
1667 1796 1820 1819 coronam

218 1855 425 1901 restitueret.
453 1856 486 1883 et
512 1855 624 1892 regem
641 1841 853 1876 anathemate
873 1837 1032 1881 solveret.
1087 1835 1179 1878 Ergo
1198 1842 1234 1865 ex
1253 1831 1407 1877 ipsorum
1425 1833 1513 1878 regis
1530 1833 1719 1877 legatorum
1736 1845 1818 1868 con-

218 1901 355 1939 feffione
370 1912 432 1947 per
451 1891 831 1931 excommunicationem
849 1898 918 1919 non
938 1884 1049 1918 solum
1069 1878 1276 1916 ecclesiastica
1292 1883 1542 1922 communione,
1555 1882 1609 1917 fied
1628 1892 1660 1916 et
1678 1892 1803 1917 corona

219 1952 286 1987 hoc
304 1949 348 1985 est
365 1945 529 1994 regnandi
548 1943 622 1990 jure
639 1952 692 1975 rex
712 1939 866 1984 privatus
890 1934 1011 1969 fuerat.
1064 1929 1217 1966 Secundo
1237 1930 1328 1965 idem
1346 1933 1420 1966 Yvo
1445 1930 1581 1977 saepius
1598 1930 1737 1966 testatur
1752 1907 1817 1978 pet-¹

220 1996 605 2036 excommunicationem
632 2000 777 2024 coronae
793 1986 883 2031 regis
908 1995 938 2018 et
955 1994 1062 2027 regno
1085 1978 1279 2027 periculum
1299 1981 1493 2022 imminere,
1521 1991 1733 2026 regnumque
1755 1993 1819 2027 pet·

216 2061 293 2085 um
315 2045 411 2082 fuist-e
432 2042 640 2079 diminutum
659 2035 752 2083 epist,
777 2048 830 2080 13.
853 2044 885 2067 et
909 2045 961 2076 15.
981 2034 1028 2066 ait
1046 2033 1176 2065 animae
1203 2030 1290 2073 regis
1310 2042 1473 2075 magnum
1496 2030 1740 2064 detrimentum
1783 2039 1818 2066 et

220 2108 359 2134 coronae
376 2094 644 2143 regnisummum
653 2087 836 2134 periculum
854 2085 1035 2117 imminere.
1061 2077 1256 2114 Cavendum
1267 2076 1346 2121 elle,
1375 2092 1417 2113 ne
1427 2091 1502 2114 cum
1514 2054 1820 2114 diminutione’ter-

222 2149 294 2182 reni
317 2145 413 2190 regni
433 2152 578 2188 regnum
596 2138 765 2172 amitteret
782 2143 967 2167 aeternum.
1021 2131 1064 2164 Et
1083 2126 1175 2174 epist.
1198 2139 1251 2170 23.
1268 2131 1314 2162 ait
1333 2128 1366 2163 se
1389 2130 1476 2174 regis
1495 2141 1610 2164 amore
1628 2127 1821 2172 impulsum

221 2210 291 2232 non
304 2190 449 2238 vulgasse
459 2188 633 2236 epistolam
645 2184 777 2220 Urbani
791 2196 797 2215 ε
829 2181 919 2225 Quia
929 2179 1059 2215 nolebat
1067 2189 1219 2226 regnum,
1231 2187 1390 2226 quantum
1405 2179 1486 2220 exse
1495 2177 1739 2221 erat,adverfics
1748 2189 1822 2215 eum

222 2248 289 2282 ulla
300 2251 447 2291 exparte
457 2237 662 2275 commoveri.
698 2236 738 2270 Et
749 2231 841 2280 epist.
859 2242 938 2273 144.
950 2230 1016 2278 jam
1027 2239 1094 2276 pro
1104 2238 1184 2273 rege
1195 2225 1377 2273 deprecans
1396 2225 1604 2264 Paschnlem:
1634 2226 1819 2269 Quantum.

1647 2276 1774 2320 inquit,
