1982 2739
307 220 376 259 154
499 206 572 245 m:
604 202 883 249 ANTIQVA
921 197 1239 237 secusne
1271 169 1607 244 ‘visetenim

408 295 590 343 Capitibus
609 290 829 339 sequentibus
847 288 1078 326 demonstrare
1092 299 1232 324 conatur
1246 289 1366 333 Lupus
1393 299 1431 322 ex
1457 286 1596 333 epistola
1619 282 1800 332 Augustini
1827 280 1869 318 de

259 347 417 387 'Antonio
432 343 611 382 Fuffalenfi
630 342 900 390 adpellationum
920 339 963 375 ad
979 342 1170 375 Romanum
1187 335 1385 384 pontificem
1401 336 1499 371 usum
1519 338 1554 371 in
1570 336 1674 372 causis
1693 336 1870 381 epilcopo·

255 410 334 436 rum
352 397 485 443 semper
503 396 539 430 in
555 391 671 430 Africa
688 388 840 438 viguisse.
893 392 972 426 Nos
989 400 1062 424 eam
1079 387 1163 424 nihil
1180 386 1221 422 ad
1243 387 1335 422 illius
1352 386 1568 433 propositum
1590 385 1701 420 facere
1726 384 1793 431 jam
1821 381 1872 419 su·

251 460 316 495 pra
333 443 659 484 demonstravimus,
695 454 754 477 nec
779 442 963 486 quicquam
986 437 1042 473 ille
1062 437 1163 475 dicit,
1180 438 1274 482 quod
1299 448 1366 470 non
1398 435 1501 470 fuerit
1521 448 1540 470 a
1557 434 1656 470 nobis
1675 431 1868 481 disjestum.

254 499 311 533 Sic
329 494 424 531 verbi
444 495 552 540 gratia
570 491 736 539 supponit
756 492 883 536 primo,
901 489 988 524 hanc
1007 486 1182 535 epistolam
1205 485 1268 521 effe
1293 486 1475 531 genuinam
1496 495 1529 519 et
1551 484 1664 519 stilum
1686 482 1872 528 Augustini

257 549 404 581 omnino
424 544 548 589 sapere.
600 546 645 576 At
663 553 725 575 nos
743 539 922 575 docuimus
939 537 1041 583 supra
1058 537 1093 571 id
1112 535 1172 570 elie
1191 537 1225 569 in
1247 534 1470 570 controversia
1488 533 1654 580 positum,
1682 545 1713 567 et
1725 531 1870 568 nonnul-

256 594 326 630 lam
343 593 407 629 stili
428 590 736 627 dissimilitudinem
755 590 789 624 in
811 600 848 624 ea
865 588 1023 633 reperiri.
1078 585 1167 620 Illud
1185 588 1369 631 praecipue
1388 587 1422 618 in
1445 583 1501 618 illa
1532 596 1550 618 a
1570 583 1673 629 genio
1689 579 1874 627 Augustini

255 643 405 680 alienum
423 652 581 682 notatur,
607 638 700 684 qnod
716 639 753 672 in
769 636 837 672 fine
854 635 1011 684 epistolae
1026 633 1151 681 abjeste
1167 638 1310 669 omuino
1328 646 1358 668 et
1377 645 1498 677 ignave
1522 633 1686 677 loquitur.
1738 631 1804 667 Me
1813 633 1871 677 sa-

254 705 316 733 ne,
344 693 476 736 inquit,
503 689 592 738 quod
609 687 832 731 confitendum
851 687 893 734 est
910 685 1121 721 beatitudini
1139 684 1266 731 vestrae
1284 686 1321 718 in
1339 682 1397 730 isto
1409 692 1624 730 utrorumque
1631 683 1780 728 periculo
1790 690 1869 716 tan-

254 751 309 779 tus
326 745 429 777 timor
446 751 479 775 et
498 751 627 774 moeror
642 739 856 773 excruciant,
883 745 922 771 ut
941 734 982 770 ab
1001 734 1103 777 officio
1120 736 1258 781 cogitem
1284 732 1432 780 gerendi
1455 733 1663 778 episcopatus
1689 730 1865 775 abscedere

253 800 288 827 et
305 803 352 826 me
370 792 526 826 lamentis
541 789 653 822 errori
669 798 736 820 meo
753 784 1025 820 convenientibus
1045 781 1178 817 dedere.
1232 784 1327 818 Haec
1335 793 1422 817 certe
1438 780 1652 817 declamantis
1667 781 1786 827 potius
1796 789 1875 816 vet-⁴

253 838 299 876 ba
317 840 393 875 sunt
413 850 513 883 quam
529 835 724 882 Augustini
742 833 829 868 serio
847 833 989 878 agentis.

402 887 496 932 Quid
515 886 558 921 ad
573 886 653 921 haec
669 882 854 930 tespondet
868 880 1015 927 Lupus?
1042 878 1274 925 Augustinum
1295 880 1451 916 delicatae
1466 879 1565 916 fuiffe
1581 878 1801 916 conscientiae
1827 887 1867 912 nc

250 936 350 974 valde
366 938 564 976 timoratae,
591 946 678 980 quae
694 932 806 979 ipsum
818 929 1009 969 mordebat,
1028 941 1069 963 eo
1087 928 1177 973 quod
1197 932 1369 964 videretur
1387 930 1569 975 indignum
1588 926 1773 965 ordinasse.¹
1795 926 1867 964 At-

252 988 315 1032 qui
331 997 369 1021 ut
388 998 428 1021 ex
445 985 506 1020 hac
523 983 664 1030 epistola
682 982 799 1026 liquet,
815 980 902 1015 nihil
927 978 985 1014 ille
1002 988 1158 1024 peccarat
1185 980 1375 1014 Antonium
1400 990 1602 1025 proponens
1620 977 1865 1014 ordinandum,
1921 988 1923 992 ’

254 1047 359 1081 quem
375 1035 561 1079 indignum
580 1030 642 1066 effe
660 1032 804 1065 minime
818 1028 959 1068 sciebat,
1008 1028 1080 1061 imo
1106 1039 1208 1071 quem
1231 1029 1377 1073 optimis
1401 1028 1556 1063 moribus
1583 1026 1777 1073 praeditum
1803 1024 1867 1060 effe

253 1094 417 1122 noverat,
444 1094 522 1117 cum
541 1079 743 1128 praesertim
763 1078 895 1114 nullum
914 1077 1019 1112 aliurn
1037 1076 1232 1121 digniorem
1244 1088 1324 1112 tunc
1341 1076 1492 1113 haberet.
1544 1076 1608 1111 Sed
1637 1075 1802 1121 quicquid
1825 1074 1866 1111 fit

254 1133 297 1168 de
312 1132 412 1179 hujus
431 1130 590 1178 epistolae
604 1131 764 1167 veritate,
792 1139 894 1173 quam
914 1139 979 1172 ego
999 1125 1107 1160 nolim
1126 1126 1214 1160 inter
1238 1124 1386 1172 spurias,
1411 1125 1468 1160 sed
1493 1127 1583 1161 inter
1606 1125 1726 1161 dubias
1744 1135 1866 1160 nume-

254 1194 352 1224 rare;
377 1181 483 1216 multa
499 1180 562 1215 alia
580 1177 753 1215 manifeste
769 1175 936 1223 supponit
952 1172 1033 1210 falsa
1051 1178 1181 1220 Lupus,
1203 1185 1241 1210 ut
1262 1187 1305 1209 ex1
1318 1188 1353 1211 ea
1372 1177 1455 1219 quid
1474 1175 1663 1211 concludat.

407 1228 559 1264 Secundo
576 1229 666 1262 enim
681 1227 759 1260 loco
775 1225 939 1270 supponit
957 1222 1184 1267 Augustinum
1203 1222 1454 1259 distinstionem
1481 1222 1593 1259 feciffe
1619 1224 1706 1257 inter
1731 1221 1869 1257 clerico-

265 1286 335 1311 mm
351 1288 384 1311 et
403 1278 641 1322 episcoporum
660 1273 789 1313 causas,
818 1283 851 1306 et
869 1272 995 1306 idcirco
1015 1282 1096 1304 tunc
1111 1282 1188 1304 cum
1207 1270 1353 1306 Possidio
1372 1282 1403 1306 et
1418 1272 1536 1318 Alipio
1551 1271 1592 1307 ab
1609 1271 1739 1306 Aurelii
1754 1271 1864 1317 parti-

262 1320 317 1361 bus
332 1322 506 1365 recessiffe,
534 1323 625 1368 quod
642 1320 766 1357 falsum
784 1319 849 1354 effe
870 1318 960 1354 infra
984 1318 1192 1353 docebimus.
1498 1315 1500 1317 ’

400 1375 545 1413 Tertio,
571 1371 736 1417 supponit
753 1380 906 1404 autorem
927 1368 1030 1414 hujus
1057 1366 1217 1412 epistolae
1246 1365 1386 1403 asserere
1407 1369 1546 1414 antiqua
1576 1379 1687 1404 extare
1712 1367 1866 1414 exempla

262 1419 523 1467 idpenationum
540 1421 584 1456 ad
604 1421 716 1455 sedem
735 1417 973 1463 apostolicam:
1000 1417 1095 1458 arqui
1113 1427 1181 1448 non
1200 1415 1235 1449 id
1253 1417 1356 1462 dicit3
1390 1415 1445 1452 sed
1477 1431 1605 1455 tantum
1634 1419 1771 1463 antiqua
1798 1415 1862 1453 ess'e

255 1470 408 1516 exempla
434 1470 675 1517 episcoporum
699 1479 770 1502 non
796 1466 940 1502 omnino
971 1461 1203 1510 dejectorum,
1253 1475 1287 1499 et
1311 1476 1424 1500 tamen
1451 1467 1563 1514 aliqua
1587 1480 1700 1515 poena
1721 1464 1863 1503 mulsia-

264 1529 373 1555 orum.

398 1570 552 1612 Quarto,
578 1565 745 1621 supponit
761 1562 872 1599 sedem
889 1560 1108 1609 apostolicam
1127 1557 1282 1600 iudicasse
1299 1561 1480 1611 episcopos
1496 1575 1589 1599 exn-a
1612 1563 1708 1600 suam
1728 1561 1861 1597 dioece-

268 1617 328 1656 ⁴m,
354 1617 448 1663 quod
467 1615 610 1663 probari
630 1614 771 1649 mlnlme
785 1612 895 1659 potest
922 1625 960 1646 ex
985 1611 1047 1646 hac
1066 1609 1215 1656 epistola.

393 1667 546 1711 Quinto,
573 1664 734 1709 supponit
745 1663 830 1697 illud
849 1659 1000 1707 pagium,
1022 1673 1092 1704 quo
1108 1658 1140 1693 se
1155 1672 1218 1705 per
1232 1671 1369 1705 tempus
1387 1661 1636 1698 obstrinxerant
1654 1659 1807 1697 Africani
1817 1657 1860 1694 ad

275 1716 515 1753 §servationem
531 1711 773 1751 Sardicenfium
797 1722 988 1751 canonum,
1014 1708 1375 1755 doneccomperiffenr,
1387 1725 1503 1747 utrum
1514 1711 1611 1748 essent
1623 1709 1765 1748 Nicaeni
1780 1720 1859 1751 con?

278 1766 332 1808 lii,
358 1765 542 1813 supponit,
568 1765 728 1808 inquam,
756 1760 843 1796 illud
860 1760 901 1794 ad
919 1758 1010 1795 solos
1025 1758 1161 1793 clericos
1178 1770 1250 1795 non
1269 1759 1309 1793 ad
1329 1761 1510 1808 episcopos
1529 1759 1739 1808 pertinuisse,
1757 1757 1855 1803 quod

275 1815 366 1852 lsum
390 1815 447 1856 est,
464 1827 542 1850 cum
567 1813 632 1849 hos
655 1813 777 1858 potius
806 1822 909 1855 quam
934 1809 1013 1843 illos
1039 1806 1214 1854 respiciat,
1267 1809 1396 1856 quippe
1414 1813 1472 1856 qui
1490 1811 1550 1846 {oli
1568 1807 1858 1857 comprehendan-

273 1863 531 1951 ¹5²5.S³¹'di“⁰fi⁵
556 1864 693 1899 canonis
720 1861 871 1902 statutis,
924 1870 1013 1904 quae
1045 1856 1106 1893 fibi
1135 1856 1179 1893 ad
1207 1867 1361 1905 tempus·
1373 1860 1579 1897 observanda
1602 1857 1856 1908 proposuerant

296 1926 414 1950 neam.

390 1965 507 2003 Sexto,
530 1961 695 2009 supponit
710 1961 797 1996 hanc
812 1958 990 2005 epistolam
1007 1968 1077 1992 non
1096 1955 1160 1992 effe
1175 1948 1332 2003 scriptam
1350 1971 1440 1994 anno
1459 1972 1501 2002 4²
1513 1971 1543 2004 3.
1558 1957 1619 1995 sub
1643 1955 1739 1993 initia
1765 1957 1865 1997 Caes

277 2010 370 2048 stini:
423 2024 542 2047 verum
569 2012 640 2058 ejus
670 2011 710 2045 ad
737 2010 771 2044 id
796 2007 1016 2055 probandum
1032 2003 1222 2054 conjestura
1241 2008 1384 2042 omnino
1408 2008 1530 2044 futilis.
1589 2007 1695 2047 Tria,
1722 2006 1854 2050 inquit,

260 2061 496 2108 nter-cefferunt
513 2064 606 2095 inter
622 2059 810 2094 eleflionem
832 2058 1003 2102 Coeles-‘iim'
1021 2066 1054 2090 et
1071 2058 1154 2092 hanc
1170 2056 1353 2103 Augustini
1370 2058 1553 2104 epistolam3
1580 2058 1705 2094 relatio
1720 2058 1850 2100 prima-

261 2115 287 2148 is
303 2111 348 2147 ad
366 2110 596 2157 Caelestinum,
633 2121 719 2143 mors*
746 2110 903 2154 primatis
929 2105 1136 2152 Fzgfflzlenfit,
1167 2107 1289 2151 populi
1310 2106 1355 2141 ad
1369 2108 1593 2155 Augustinum
1610 2106 1850 2154 querimoniae,

266 2160 420 2199 ⁴edemum
436 2159 569 2206 epistola
587 2157 788 2205 Augustini,
842 2167 927 2202 quac
952 2158 1061 2191 omnia
1086 2153 1253 2189 videntur
1275 2167 1340 2190 non
1363 2157 1507 2203 potm'ffi.»
1533 2158 1726 2202 contingere
1752 2155 1848 2189 intra

261 2209 376 2247 endem
394 2221 523 2245 annum.
550 2206 767 2253 Respondeo.
785 2205 870 2241 nihil
896 2203 1037 2243 obstare,
1054 2204 1239 2247 quominus
1268 2203 1351 2239 haec
1378 2197 1495 2242 omnia
1521 2205 1639 2242 eodem
1664 2213 1755 2237 anno
1782 2200 1847 2239 lint

260 2256 385 2308 presta.
434 2257 569 2307 Deinde
586 2254 711 2295 constat
729 2255 887 2306 equidem
906 2267 944 2291 ex
960 2250 1149 2304 Augustino
1160 2264 1240 2290 eum
1251 2252 1359 2290 senem
1368 2255 1561 2304 primatem,
1582 2251 1845 2337 quiAncthgium

1662 2312 1703 2340 ΟΣ
1765 2311 1798 2344 fl:
