1982 2739
325 210 395 246 270
547 199 617 234 DE
651 196 926 242 ANTIQVA
960 196 1244 233 ECCLESIAE
1279 195 1604 235 DiSCIPLINA

427 289 590 327 Decimo,
616 295 815 324 execrantur
831 285 973 321 illorum
993 284 1201 325 sententiam,
1214 286 1272 331 qui
1291 285 1450 321 adserunt
1473 285 1673 332 pontificem
1692 287 1744 337 jus
1763 288 1889 325 habere

276 339 566 386 deponendorum
596 349 719 385 regum
747 348 779 372 et
803 334 1034 383 subjestorum
1061 334 1303 385 asacramento
1330 334 1411 370 fidei
1436 335 1739 381 absolvendorum,
1767 350 1893 386 regno.

278 401 425 435 rumque
444 401 500 424 aut
519 387 855 424 transferendorum,
883 397 940 421 aut
957 386 1094 421 cuilibet
1112 386 1289 432 occupanti
1306 384 1562 422 tradendorum.

429 441 513 475 Sunt
529 450 560 474 et
578 439 642 474 alia
661 437 825 484 quaedam
843 436 1034 482 privilegia,
1045 447 1129 480 quae
1150 434 1212 471 fibi
1228 436 1543 481 arrogantRornani
1560 437 1749 481 pontifices,
1761 449 1844 482 quae
1853 449 1892 471 ex

278 488 348 525 istis
366 488 496 528 fluunt,
524 501 610 534 quae
628 488 680 523 illi
700 488 828 534 pariter
845 498 914 521 non
940 483 1146 532 agnoscunt:
1188 496 1226 520 ut
1251 485 1343 530 quod
1368 484 1458 520 {olus
1482 497 1572 531 papa
1600 485 1700 533 poffit
1721 486 1894 532 deponere

280 537 476 585 episcopos,
504 538 599 584 quod
618 537 827 573 falssffimum
847 535 892 571 est
916 547 948 570 et
972 536 1167 570 innumeris
1187 534 1350 581 exemplis
1376 534 1561 570 refellitur:
1589 536 1683 581 quod
1710 533 1833 571 neeesse
1855 534 1895 571 {it

281 588 426 625 concilia
442 588 482 623 ab
502 586 579 634 ipso
601 586 817 627 confirmari,
860 596 897 620 ut
921 585 1030 621 robur
1056 583 1216 626 habeant,
1261 585 1355 630 quod
1380 585 1508 631 pariter
1528 583 1652 622 falsum
1681 583 1744 620 effe
1770 584 1895 620 docent

281 639 396 686 prima
414 637 565 679 concilia,
591 649 676 684 quae
694 632 948 683 apontificibus
970 632 1169 671 confirmata
1190 635 1334 671 minime
1353 633 1441 670 sunt.
1493 637 1579 670 Item
1605 635 1699 681 quod
1723 634 1814 671 solus
1839 634 1893 682 jus

281 687 402 724 habeat
418 700 456 722 ea
471 686 701 724 convocandi,
729 684 821 731 quod
840 683 924 721 adeo
941 681 1066 720 falsum
1083 682 1146 726 est,
1173 696 1210 720 ut
1230 683 1308 720 080
1328 685 1445 731 priora
1461 684 1603 720 concilia
1621 686 1662 720 ab
1679 685 1894 731 imperatori·

282 738 346 773 bus
364 749 547 773 convocata
567 735 630 771 effe
648 735 785 772 constet.
840 736 935 769 Haec
954 733 1044 772 sunt,
1073 746 1159 778 quae
1177 734 1282 770 nostri
1299 734 1498 780 praesertim
1523 734 1676 781 theologi
1701 735 1743 770 ad
1769 735 1897 781 prima·

282 799 357 824 tum
374 785 547 834 pontificis
563 787 710 822 Romani
727 784 896 830 pertinere
914 794 1055 828 negant:
1084 783 1162 817 vide
1180 784 1221 817 de
1240 784 1291 817 his
1309 783 1498 818 Gersonem
1516 784 1550 818 in
1568 784 1711 819 traci-atu
1737 784 1778 818 de
1798 795 1897 830 pote·

283 836 363 873 state
382 835 494 871 eccles.
514 837 554 870 de
571 833 811 869 auferibilitate
827 844 942 877 papae,
970 832 1012 865 de
1030 830 1170 866 statibus
1191 832 1299 866 eccles.
1313 857 1321 871 ,
1343 832 1383 865 de
1401 843 1483 877 pace
1502 843 1532 866 et
1555 833 1591 865 in
1611 832 1898 869 articuliscontra

283 889 424 922 Petrum
443 885 483 920 de
502 889 615 922 Luna,
643 886 782 917 Petrum
803 882 844 916 de
858 881 990 916 Alliaco
1009 882 1044 915 in
1066 877 1160 916 traE'c.
1182 880 1223 915 de
1247 879 1399 915 ecclefiae
1423 881 1630 923 autoritate,
1657 881 1823 930 Jacobum
1841 881 1898 917 Al-

281 938 440 971 ‘ma'inum
460 931 555 969 trast.
576 932 617 967 de
632 932 790 968 dominio
811 929 958 965 naturali
980 930 1082 970 civili,
1109 940 1141 964 et
1160 928 1385 971 ecclesiastico,
1414 929 1460 965 de
1475 932 1658 967 autoritate
1676 930 1836 970 ecclesiae,
1856 930 1898 966 de

286 984 450 1032 potestate
471 981 682 1017 ecclesiastica
699 994 731 1016 et
747 981 1020 1027 laica,Joannem
1042 979 1219 1028 Majorem
1237 978 1362 1026 disput.
1388 979 1428 1014 de
1446 981 1624 1016 autoritate
1642 981 1778 1016 concilii
1795 979 1898 1027 supra

286 1031 489 1081 pontificem
509 1043 542 1067 et
567 1033 603 1067 in
621 1043 654 1074 4.
671 1030 741 1067 dist.
763 1042 818 1072 24.
836 1041 868 1065 et
886 1028 964 1076 post
988 1030 1052 1066 hos
1068 1030 1264 1066 Richerium
1279 1027 1373 1065 traffls.
1392 1029 1431 1064 de
1452 1029 1561 1066 eccles.
1588 1041 1620 1065 et
1640 1031 1781 1078 politica
1805 1041 1900 1077 pote·-

286 1082 367 1119 state
393 1084 429 1117 in
455 1082 592 1129 apolog.
621 1094 688 1128 pro
712 1079 883 1116 Gersonio
911 1090 943 1114 et
968 1080 1003 1114 in
1036 1078 1177 1115 historia
1200 1077 1278 1115 οξῖο
1303 1079 1527 1116 conciliorum
1551 1081 1761 1127 generalium
1784 1092 1896 1127 nuper

283 1133 395 1170 edita,
420 1133 594 1167 Simonem
610 1131 796 1178 Vigorium
814 1131 848 1165 in
866 1128 1087 1176 responsione
1107 1129 1262 1177 synodali
1281 1140 1311 1164 et
1331 1130 1365 1164 in
1383 1129 1475 1165 libro
1492 1129 1611 1176 gallice
1637 1131 1748 1168 edito,
1777 1131 1831 1165 cui
1855 1131 1899 1165 ti-

287 1182 380 1218 tulus
404 1182 446 1218 de
471 1180 567 1218 l'e'tat
593 1191 626 1217 et
647 1188 912 1231 gouvernement
937 1180 979 1215 de
1003 1179 1142 1229 l’eglise,
1166 1182 1335 1227 Joannem
1346 1183 1539 1215 Launo'ium
1558 1181 1593 1215 in
1611 1178 1764 1227 epistolis
1782 1179 1899 1214 variis·

289 1245 355 1280 que
372 1229 571 1267 trastatibus
585 1255 593 1271 ‚
622 1233 761 1265 Petrum
780 1229 820 1264 de
837 1232 955 1265 Marca
981 1229 1017 1263 in
1041 1229 1130 1264 libro
1150 1230 1191 1263 de
1218 1229 1418 1269 concordia,
1445 1228 1648 1264 adsertiones
1668 1227 1901 1264 Parifienfium

287 1280 535 1325 theologorum
559 1290 591 1314 et
611 1278 787 1314 censuram
813 1277 1013 1316 eorumdem
1038 1279 1074 1312 in
1092 1279 1319 1312 vernantium
1338 1289 1415 1312 cum
1441 1277 1511 1323 ejus
1538 1277 1744 1316 adsertione,
1771 1277 1901 1313 librum

289 1331 334 1366 de
353 1328 500 1374 antiquis
518 1339 549 1364 et
568 1327 755 1374 majoribus
782 1325 1026 1372 episcoporum
1051 1325 1174 1367 causis,
1199 1325 1329 1363 librum
1349 1324 1515 1361 Gerbafiii
1544 1325 1693 1363 doaoris
1712 1325 1901 1363 Parifiensss

291 1379 332 1415 de
355 1378 473 1415 eodem
497 1389 720 1424 argumente,
749 1387 780 1411 et
801 1376 899 1415 alios.

442 1428 568 1463 Eadem
584 1440 646 1463 nos
670 1425 747 1474 post
765 1437 816 1461 tot
837 1436 957 1471 graves
976 1437 1012 1459 ac
1030 1424 1182 1460 summos
1201 1423 1382 1470 theologos
1409 1424 1450 1459 d'e
1468 1425 1618 1471 primatu
1644 1435 1675 1460 et
1692 1426 1902 1472 praerogati-

292 1479 344 1514 vis
365 1476 488 1513 summi
508 1476 681 1524 pontificis
702 1474 853 1511 adserere
877 1486 945 1509 non
972 1474 1186 1516 dubitamus,
1215 1484 1246 1509 et
1261 1473 1328 1523 jam
1352 1487 1390 1509 ex
1415 1475 1456 1510 iis
1481 1474 1644 1512 nonnulla
1664 1473 1902 1523 probavimus,

291 1539 419 1565 caetera
442 1526 516 1565 fuse
537 1527 694 1575 deinceps
717 1523 970 1574 probabuntur.

923 1842 1267 1886 l

1763 2292 1848 2340 DE
