1961 2718
259 195 343 258 Μ’
545 208 617 245 nr.
644 207 923 252 ΛΝτιουΛ
951 206 1240 246 recusus
1265 211 1602 256 insen-rma

214 303 344 339 nullam
362 300 502 348 penitus
518 297 618 345 regni
635 295 896 332 sollicitudinem
923 299 1072 344 gerebat.
1135 301 1254 346 Itaque
1279 300 1365 337 nihil
1387 306 1532 351 proprie
1557 308 1627 356 egit
1651 307 1832 349 Zachariae

215 357 250 391 -m
271 351 485 399 depoffiione
504 347 711 385 childerici,
746 345 800 381 sed
827 346 909 392 quid
931 349 1101 394 agendum
1128 348 1223 389 ess'et,
1258 352 1398 388 Francis
1426 354 1581 393 ostendit.

364 403 443 436 Nec
459 411 540 436 vero
559 399 611 433 his
636 397 772 443 opponi
791 397 919 442 potest,
946 400 1041 443 quod
1061 400 1218 435 nonnulli
1244 400 1427 447 scriptores
1450 417 1490 439 ex
1514 406 1578 449 iis,
1606 408 1668 455 qui
1691 422 1710 443 a
1728 410 1830 448 nobit

215 450 341 490 laudati
359 449 457 489 sunt,
484 448 637 485 scribunt
654 444 773 494 juffill'e
793 447 1010 490 Zachariam,
1066 460 1104 484 ut
1128 449 1344 486 Childericus
1362 452 1611 500 deponeretur,
1639 465 1672 493 e‘t
1689 460 1832 506 Pipinus

216 505 253 539 in
270 502 342 549 ejus
362 499 477 536 locum
492 498 691 545 eligeretur,
717 507 774 531 aut
791 497 861 544 ejus
880 496 965 543 jussu
983 510 1021 533 ac
1038 500 1219 536 autoritate
1236 500 1333 535 illum
1350 500 1412 536 effe
1433 503 1601 552 dejestum
1628 507 1669 543 de
1687 508 1834 548 thronm

215 553 306 588 hunc
325 561 405 586 vero
423 561 538 595 regem
557 545 780 584 constitutum
799 548 843 582 ita
860 547 1078 593 Eginhardus
1096 550 1131 583 in
1152 550 1220 586 vita
1240 550 1356 585 Caroli
1373 554 1516 599 Magni,
1543 557 1694 602 Regino.
1733 559 1835 596 Otho·

212 599 453 647 Frifingenfis,
490 610 522 633 et
551 597 653 633 abbas
679 595 903 642 Uspergenfis
929 596 1012 632 locis
1037 598 1175 640 adlatis,
1210 599 1406 645 Sigebertus
1430 604 1465 637 in
1491 604 1673 649 chronico,
1702 607 1830 646 Paulus

213 651 400 688 Aemilius,
427 647 487 684 ubi
505 649 605 683 etiam
621 644 698 692 post
719 647 884 681 Ottonem
901 646 1165 692 Frifingensem‚
1195 648 1294 690 dicit,
1319 651 1495 697 populum
1509 667 1526 688 a
1542 654 1735 701 juramento
1745 656 1830 694 fide-

212 701 317 737 litatis
335 713 353 735 a
372 696 537 746 pontifice
557 695 769 737 absolutum3
796 694 903 737 nihil,
930 697 1070 742 inquam
1083 722 1092 738 ‚
1119 696 1154 732 id
1175 698 1291 735 obstat.
1346 701 1436 736 Cum
1455 703 1546 739 enim
1562 705 1670 741 iidem
1687 705 1831 755 scripto-

211 763 267 787 res
289 747 545 795 responfionem
563 743 739 793 pontificis
756 744 1006 789 Gallorumque
1023 747 1226 791 petitionem
1244 748 1290 783 ita
1306 746 1475 792 reserant,
1527 764 1566 789 ut
1618 766 1703 792 ateat
1725 757 1831 794 conli-

209 800 300 837 fium
315 795 561 836 tantummodo
580 807 598 829 a
615 793 724 829 Gallis
744 792 929 835 quaelitum
946 805 978 827 et
996 806 1013 827 a
1030 793 1193 838 pontifice
1212 795 1343 837 datum,
1361 798 1488 834 necesse
1507 801 1571 840 est,
1620 816 1659 840 ut
1683 818 1764 843 cum
1781 808 1832 844 di-

212 860 315 891 cum,
341 849 505 895 1259}an
522 841 609 891 jussu
627 853 659 876 et
676 841 860 875 autoritate
883 839 1059 887 pontificis
1078 840 1209 878 fastum
1226 842 1291 878 effe
1312 856 1446 892 regem,
1481 850 1568 885 nihil
1587 851 1681 888 aliud
1698 855 1760 891 fibi
1775 869 1831 893 ve·

212 899 277 934 lint
289 923 297 936 ,
324 909 426 943 quam
446 905 525 929 eum
547 890 656 927 Gallis
674 901 826 924 autorem
847 888 962 929 fuisse,
990 901 1029 926 ut
1045 892 1079 926 id
1097 889 1209 933 fieret,
1239 904 1271 929 et
1287 893 1365 930 sane
1375 897 1561 935 concilium
1578 900 1672 950 saepe
1687 903 1831 951 saepius.

213 960 246 984 et
263 946 403 993 imperii
419 943 561 980 nomine
578 938 804 987 fignificatur,
832 951 863 974 et
879 939 976 985 quod
997 953 1036 976 ex
1054 940 1196 990 alicujus
1214 943 1355 981 consilio
1382 943 1516 984 faRum
1539 948 1602 989 est,
1636 952 1763 990 dicitur
1789 967 1830 991 ex

212 998 285 1044 ejus
303 993 480 1031 autoritate
497 989 639 1026 facium.
692 988 796 1024 Nihil
812 1001 896 1036 ergo
914 1002 1101 1037 repugnat,
1130 994 1317 1037 quominus
1337 995 1470 1033 dicatur
1488 999 1632 1046 Pipinus
1649 1002 1775 1040 eleaus
1794 1015 1830 1041 et

210 1046 426 1083 childericus
445 1039 593 1089 dejessus
611 1037 699 1088 juffu
719 1049 752 1074 et
767 1040 950 1075 autoritate
967 1041 1166 1083 Zachariae,
1220 1046 1302 1088 quia
1326 1044 1450 1082 {cilicet
1474 1050 1596 1086 Franci
1616 1063 1701 1090 cum
1725 1055 1762 1089 in
1789 1067 1830 1091 re

208 1097 304 1134 auxia
319 1106 351 1131 et
367 1092 469 1129 dubia
488 1089 687 1138 pontificem
704 1087 964 1128 consuluissent,
992 1091 1063 1138 ejus
1081 1093 1300 1129 autoritatem
1318 1105 1350 1130 et
1367 1096 1548 1134 confilium
1573 1113 1669 1138 erant
1685 1102 1828 1149 sequuti,

209 1146 304 1194 quod
320 1151 402 1180 vero
419 1154 508 1178 unus
523 1152 580 1176 aut
595 1140 682 1176 alter
702 1137 884 1186 scriptores
899 1139 1026 1176 habent
1040 1142 1237 1179 Zachariam
1264 1142 1442 1181 absolvisse
1463 1149 1612 1186 Francos
1639 1166 1657 1188 a
1687 1152 1827 1192 fidelita-

208 1200 253 1235 tis
279 1196 504 1231 sacramento,
556 1189 593 1226 id
615 1189 778 1224 videntur
804 1188 917 1225 dicere
942 1202 981 1224 ex
998 1203 1095 1226 more
1111 1190 1179 1226 suis
1197 1194 1417 1239 temporibus
1435 1209 1453 1232 a
1469 1200 1635 1235 Romanis
1652 1203 1825 1251 episcopie

209 1246 371 1292 usurpato
383 1268 391 1284 ,
420 1240 483 1276 nifi
499 1239 589 1276 forte
605 1240 652 1274 ita
676 1239 836 1286 explices,
866 1239 1066 1281 declaravit,
1096 1253 1154 1276 eos
1173 1254 1242 1277 non
1260 1245 1366 1280 teneri
1385 1244 1481 1282 illum
1500 1261 1566 1295 pro
1582 1263 1664 1298 rege
1677 1252 1824 1297 habere.
1867 1272 1878 1294 ς

210 1297 272 1342 qui
290 1293 385 1329 nullo
402 1292 493 1336 regis
509 1287 718 1334 fungebatur
736 1286 868 1328 officio,
898 1289 991 1332 quod
1008 1289 1121 1324 innuit
1135 1291 1260 1327 Paulus
1286 1294 1456 1330 Aemilius
1483 1299 1613 1340 dicens,
1650 1301 1684 1336 id
1709 1300 1823 1340 fecisse

205 1342 416 1394 pontificem,
445 1350 480 1374 eo
499 1338 588 1386 quod
596 1340 701 1382 Jciret
721 1337 867 1371 Francos
881 1349 1038 1383 proceres
1055 1342 1142 1373 mira
1160 1342 1361 1387 consenfione
1375 1347 1564 1382 animorum
1582 1349 1703 1396 Pipino
1715 1352 1827 1402 “d‘ffi

205 1401 392 1443 superoque
409 1400 479 1425 eum
496 1398 612 1443 regem
636 1384 766 1441 {tabent
819 1434 825 1442 ι
911 1433 919 1441 υ

357 1439 484 1475 Tertio
501 1434 714 1471 Childericus
735 1431 850 1469 essoho
867 1430 1017 1481 dejestus
1035 1446 1102 1470 non
1129 1434 1174 1471 est
1199 1447 1256 1472 aut
1279 1437 1408 1475 ‘electus
1434 1441 1470 1476 in
1496 1443 1567 1492 ejus
1587 1444 1702 1485 locum
1728 1451 1823 1498 Pipl-

208 1505 273 1530 nus
290 1505 308 1528 a
327 1485 492 1538 pontifice
509 1484 689 1524 Zacharia,
717 1482 771 1518 sed
789 1483 830 1518 ab
850 1483 1015 1518 univerfis
1033 1486 1171 1520 Francis
1187 1487 1221 1519 in
1238 1488 1389 1522 comitiis
1406 1492 1510 1526 totius
1535 1497 1651 1540 regni,
1689 1498 1745 1534 ille
1771 1503 1821 1537 in.

209 1545 334 1589 dignus
353 1550 460 1584 regno
479 1535 728 1582 pronunciatus
750 1531 813 1573 est,
840 1532 954 1568 tonsus
972 1543 1004 1566 et
1019 1533 1055 1566 in
1075 1533 1319 1570 monasterium
1335 1537 1525 1586 conjefiius,
1575 1544 1631 1580 hic
1654 1558 1739 1584 vero
1766 1564 1823 1588 rex

207 1604 306 1629 more
322 1591 532 1625 Francorum
551 1582 649 1618 solito
668 1581 897 1627 proclamatus
910 1607 919 1624 ‚
946 1592 983 1617 ac
1003 1581 1125 1618 deinde
1142 1595 1161 1618 a
1179 1582 1357 1622 Bonifacio
1384 1586 1527 1633 unfiius,
1580 1594 1625 1630 ita
1643 1608 1715 1632 rem
1731 1599 1821 1636 refe..

205 1651 286 1678 runt
304 1638 463 1687 plerique
490 1632 686 1678 scriptores.

355 1682 570 1732 Eginhardus
585 1682 621 1716 in
640 1677 820 1716 annalibus
839 1677 879 1712 ad
899 1691 1026 1715 annum
1048 1692 1133 1726 750.
1184 1682 1258 1719 Hoc
1277 1696 1362 1721 anno
1371 1687 1553 1732 secundum
1569 1693 1716 1732 Romani
1735 1710 1821 1746 pon.

203 1738 304 1781 tificis
316 1735 518 1783 Janfflonem
534 1733 674 1779 pipinus
691 1741 754 1765 rex
768 1728 973 1765 Francorum
990 1730 1180 1777 adpellatus
1196 1732 1256 1778 est,
1284 1743 1318 1769 et
1343 1735 1390 1771 ad
1413 1739 1510 1785 hujus
1533 1741 1741 1790 dtgnitatem
1767 1750 1821 1785 lm·

203 1791 298 1826 noris
314 1786 430 1823 unfius
443 1784 545 1829 sacra
564 1781 737 1819 unHwne,
763 1789 861 1813 manu
874 1780 1010 1825 sanflae
1025 1783 1202 1816 memoriae
1218 1783 1400 1830 Bonifacii
1414 1790 1658 1840 archiepiscopi
1679 1804 1714 1831 et
1730 1809 1819 1834 mar..

204 1840 293 1887 tyris
314 1845 348 1872 et
364 1844 456 1870 more
475 1830 847 1868 Francorum-elevatus
867 1832 903 1864 in
910 1830 1033 1874 solium
1051 1833 1153 1879 regni
1171 1833 1207 1865 in
1226 1834 1368 1869 civitate
1382 1836 1568 1884 Sueffiona,
1607 1843 1817 1884 Chimera-u,

201 1901 281 1924 vero
291 1912 300 1928 ,
328 1887 388 1934 qui
403 1883 491 1930 falso
513 1882 605 1928 regit
620 1880 749 1915 nomine
758 1876 979 1924 fungebatur
995 1882 1089 1924 tonso
1105 1882 1213 1927 capite
1228 1883 1264 1916 in
1279 1885 1509 1932 monasterium
1525 1890 1641 1939 miffus
1656 1894 1711 1941 est.
1752 1898 1820 1935 E..

203 1937 282 1973 dem
301 1935 378 1971 sunt
397 1931 502 1967 verba
520 1929 674 1965 Aimoini
691 1927 749 1962 lib.
767 1938 801 1969 4.
821 1925 862 1961 de
879 1926 976 1972 gestis
1001 1930 1212 1965 Francorum
1236 1942 1307 1977 cap.
1330 1936 1386 1968 61.

354 1981 509 2017 Blondus
527 1978 663 2014 Flavius
681 1976 741 2012 lib.
761 1988 818 2020 .¹0·
845 1975 978 2012 decadis
999 1990 1029 2013 1.
1055 1978 1197 2014 Francos
1223 1982 1318 2028 (post
1336 1983 1500 2031 confilium
1516 1987 1725 2040 Zachariae)
1748 2006 1816 2043 pu.

203 2034 286 2071 blico
303 2035 405 2068 totius
419 2031 534 2078 gentis
550 2028 677 2073 consilio
700 2027 859 2072 Pipinum
886 2026 1065 2074 declarcff’
1088 2040 1199 2076 regem
1227 2031 1363 2066 invenio
1388 2035 1583 2072 Childerico‘
1602 2041 1642 2075 in
1661 2042 1816 2080 clericu-

202 2084 385 2129 tonficrato.
437 2078 571 2124 Regino
588 2076 646 2112 lib.
669 2087 700 2110 2.
716 2074 868 2111 chronic.
894 2076 1224 2123 Pipinussecundum
1245 2090 1367 2115 morem
1391 2082 1601 2123 Framorum
1625 2090 1746 2127 eleflus
1771 2095 1814 2131 in

200 2144 318 2180 regem
337 2139 370 2166 et
394 2128 511 2165 annus
525 2137 589 2174 per
609 2137 739 2161 manum
749 2123 889 2169 samque
906 2129 1083 2161 memoriae
1104 2128 1272 2172 Bonifacii
1280 2129 1570 2182 Magantiacensts
1585 2136 1690 2174 urbis‘
1703 2143 1813 2178 archi-

202 2183 362 2228 episcopi,
390 2187 423 2215 et
438 2179 588 2212 elevatus
606 2175 649 2221 est
667 2187 688 2209 a
704 2174 843 2210 Francis
862 2176 899 2209 in
916 2186 1023 2224 regno
1040 2178 1077 2211 in
1090 2175 1263 2222 Sueffionis
1281 2181 1442 2221 donate,
1477 2185 1687 2224 Childericus
1708 2202 1809 2236 vero,

202 2234 262 2279 qui
273 2231 367 2277 falso
389 2239 450 2263 rex
467 2224 663 2265 vocabatur,
679 2223 829 2266 attonsus
843 2223 904 2268 eft,
931 2234 965 2260 et
988 2228 1025 2260 in
1039 2225 1266 2271 monasterium
1284 2227 1395 2276 ngtffus
1412 2231 1465 2278 est.
1517 2233 1594 2269 Ado
1609 2237 1810 2278 Viennensi.

198 2280 334 2318 reversis
354 2279 478 2326 legatis
487 2273 677 2323 abjefioque
689 2271 890 2314 Childerico.
916 2275 976 2322 qui
989 2282 1068 2311 tunc
1083 2276 1219 2323 regium
1229 2287 1341 2314 nomen
1355 2278 1507 2323 habebat.
1528 2283 1656 2321 Franci
1663 2299 1729 2333 per
1737 2283 1809 2332 emi-⁴

1638 2337 1756 2385 fitium
