1982 2739
324 239 389 270 232
519 207 588 256 nt
617 217 893 259 ,ma-iona
919 211 1222 249 nocensne
1245 208 1578 258 mscremNA

273 314 335 349 §int
355 310 538 359 praecipua
556 305 718 341 societatis
737 299 967 339 ecclesiasticae
984 310 1100 348 prout,
1114 295 1320 338 ecclesiastica
1337 296 1399 338 est,
1428 297 1589 333 membra.
1643 295 1748 341 Quod
1767 306 1879 332 tamen

276 365 320 400 ita
338 360 483 406 intelligi
500 356 601 396 volo,
630 365 668 390 ut
687 365 755 390 non
776 363 915 386 omnem
934 347 1198 385 interdictorum
1218 345 1316 383 usum
1333 347 1506 385 damnem,
1541 346 1596 382 sed
1622 358 1658 383 ut
1675 359 1717 382 eo
1744 344 1886 382 nonnisi·

275 422 370 448 caute
386 422 422 445 ac
440 418 518 444 raro
538 403 704 441 utendum
729 399 790 437 effe
807 401 956 436 doceam.

423 490 672 532 Demuffi‘illud
691 489 875 536 quaeritur,
895 500 936 524 an
954 499 1024 524 non
1035 487 1134 524 etiam
1152 485 1188 520 in
1203 495 1362 519 mortuos
1378 479 1463 518 ferri
1487 472 1586 531 possi}
1616 485 1884 521 excommunica.

276 549 350 584 tio‘?
379 547 445 581 Cui
460 542 648 591 quaestioni
658 538 842 576 satisfacere
856 538 947 574 haud
963 538 1011 573 ita
1025 537 1171 572 arduum
1189 532 1234 569 est
1249 542 1290 569 ac'
1301 532 1415 568 multis
1431 533 1559 569 visum:
1588 547 1665 570 nam
1681 534 1733 570 vel
1756 531 1883 575 intelli.

279 600 371 644 gitur
391 595 431 630 de
450 593 595 642 propria
611 603 642 626 et
661 601 739 624 vera
757 587 1122 626 excommuncintione,
1159 584 1224 618 hoc
1245 583 1305 622 est,
1347 581 1559 628 separatione
1583 596 1600 618 e
1624 583 1777 618 fidelium
1802 594 1883 617 con.

276 656 398 687 ventu3
433 655 464 678 et
483 643 547 678 hoc
566 639 662 676 sensu
679 648 805 673 certum
825 635 870 670 est
893 647 1047 671 mortuos
1067 633 1350 669 excommunicari
1370 644 1438 666 non
1456 632 1564 677 polle,
1619 635 1700 678 quia
1732 631 1882 677 amplius

277 700 363 732 inter
383 705 445 728 nos
472 704 539 727 non
569 687 754 724 versantur.
807 685 958 720 Secundo
986 683 1129 730 intelligi
1153 679 1262 729 potest
1287 680 1328 714 de
1356 679 1582 716 testificatione
1601 681 1827 722 detestationis
1847 681 1882 714 in

277 755 452 783 mortum,
479 740 524 777 ob
543 752 579 774 ea
598 749 682 784 quae
698 737 848 770 viventes
866 746 969 778 prave
991 732 1164 767 senserunt
1184 742 1241 766 aut
1266 729 1435 770 fecerunt,
1473 743 1504 765 et
1529 730 1593 764 hoc
1618 729 1711 765 sensu
1740 728 1891 767 dubium

280 793 412 829 nullum
433 789 488 832 est,
511 789 595 834 quin
613 786 789 822 anathema
807 783 905 830 possit
924 785 958 817 in
978 793 1134 816 mortuos
1150 777 1251 820 ferri,
1278 778 1342 814 hoc
1369 777 1413 813 est
1431 781 1514 823 quin
1543 778 1706 825 possimus
1737 780 1784 813 eis
1812 778 1885 812 dim

279 842 462 890 imprecari
481 847 670 881 eorumque
689 833 891 868 memoriam
907 829 1080 870 detestari,
1132 839 1191 864 aut
1208 841 1226 862 e
1242 839 1358 863 contra
1376 827 1466 863 bona
1483 840 1515 863 et
1538 827 1644 863 fausta
1659 828 1724 863 illis
1744 825 1882 874 optare,

278 904 310 929 et
328 889 528 927 memoriam
545 884 698 932 ipsorum
717 881 850 916 honore
873 891 904 914 er
923 879 1138 914 veneratione
1154 875 1335 923 prosequi,
1362 886 1461 919 atque
1478 878 1522 911 ita
1541 889 1598 910 eos
1619 877 1670 910 vel
1682 879 1716 910 in
1733 888 1885 913 commu-

280 940 383 977 nione
400 938 451 974 vel
473 946 563 971 extra
579 930 860 969 communionem
881 928 1010 963 habere.
1065 926 1131 962 Sed
1148 924 1227 960 haec
1243 925 1545 960 excommunicatio
1561 937 1632 959 non
1642 923 1732 960 secus
1741 938 1777 960 ac
1793 936 1884 960 com·
1932 926 1935 927 ⁷

281 989 468 1027 municario
485 984 626 1029 analoga
649 991 778 1016 tantum
797 977 843 1013 est
862 989 893 1012 et
910 977 1121 1023 impropria,
1173 987 1243 1009 non
1273 985 1385 1009 autem
1400 985 1479 1008 vera
1494 985 1526 1009 et
1540 975 1693 1020 propria.
1747 974 1885 1015 Nihilo,-

279 1041 394 1075 minus
412 1047 523 1072 tamen
543 1032 598 1067 illa
614 1029 754 1065 dabatur
773 1027 823 1063 vel
843 1024 1061 1061 auferebatur
1080 1025 1163 1059 olim
1185 1025 1352 1063 mortuis,
1381 1023 1507 1058 nomen
1531 1035 1651 1059 eorum
1675 1023 1884 1070 apponendo

280 1087 335 1125 vel
353 1082 558 1122 detrahendo
576 1081 610 1115 in
632 1077 804 1127 dypthicis
822 1076 877 1111 seu
897 1075 1020 1111 rabulis
1040 1072 1266 1113 ecclesiasticis,
1287 1085 1371 1118 quae
1390 1072 1613 1108 recitabantur
1632 1073 1669 1108 in
1694 1071 1807 1109 officio
1823 1084 1886 1119 pu.

280 1138 379 1173 blico.
434 1135 527 1169 Hine
545 1131 605 1167 ubi
623 1127 774 1164 restituta
791 1124 837 1162 est
853 1124 892 1160 ab
911 1124 1050 1160 orientis
1068 1122 1279 1170 praesulibus
1302 1120 1546 1169 Chrylostomo
1572 1123 1791 1160 communio,
1825 1134 1887 1157 no.

281 1199 357 1222 men
375 1185 455 1232 ejus,
473 1180 566 1227 quod
586 1192 603 1214 e
619 1177 792 1226 dypthicis
813 1172 926 1210 fuerat
944 1173 1094 1214 erasum,
1141 1173 1176 1206 in
1196 1172 1236 1206 iis
1253 1171 1446 1206 restitutum
1466 1170 1512 1205 est
1529 1173 1563 1205 in
1583 1170 1714 1216 signum
1733 1183 1887 1212 commu.

279 1236 406 1271 nionis.
459 1234 638 1266 Caeterum
657 1227 740 1262 olim
767 1223 950 1268 quaefitum
967 1221 1028 1263 est,
1049 1233 1169 1257 utrum
1187 1219 1388 1255 hominibus
1410 1220 1443 1253 in
1465 1221 1708 1255 communione
1737 1219 1887 1255 ecclesiae

281 1284 425 1320 mortuis
446 1278 551 1326 posset
567 1276 744 1312 anathema
761 1273 847 1309 dici,
881 1271 904 1305 fi
923 1269 1112 1305 constitisset
1139 1281 1197 1304 eos
1219 1269 1301 1313 quid
1325 1280 1429 1313 prave
1453 1267 1579 1302 sensisse
1611 1279 1667 1302 aut
1694 1266 1823 1306 fecisse,
1850 1280 1887 1303 ac

279 1331 417 1368 viciffim
437 1338 553 1363 utrum
574 1321 827 1372 poenitentibus
846 1320 878 1353 in
895 1319 1121 1365 poenitentiae
1140 1316 1284 1352 decursu
1301 1315 1368 1350 fine
1391 1327 1471 1362 pace
1499 1314 1668 1350 defunffls
1689 1317 1761 1352 dari
1779 1316 1887 1364 posset

279 1379 497 1417 communio:
525 1387 591 1421 qua
607 1374 640 1408 in
662 1385 696 1407 re
714 1371 805 1404 varia
821 1367 1122 1413 fuerunt'judicia3
1149 1378 1227 1401 nam
1253 1363 1381 1401 ecclesia
1399 1367 1550 1400 Romana
1572 1365 1614 1399 de
1633 1368 1776 1400 mortuis
1801 1366 1888 1413 judi.

281 1433 371 1466 cium
390 1426 476 1462 ferri
493 1436 563 1460 non
579 1420 674 1468 posse
694 1419 845 1457 asseruit,
873 1429 909 1451 ut
927 1415 1014 1451 testis
1033 1415 1078 1450 est
1104 1418 1141 1450 B.
1163 1418 1234 1450 Leo
1260 1412 1353 1460 epist.
1375 1428 1404 1458 9.
1429 1413 1470 1448 ad
1489 1414 1718 1450 Theodorum
1746 1416 1888 1461 Foroju.

283 1477 439 1514 liensem:
496 1472 596 1518 Quod
613 1481 765 1507 manens,
788 1467 914 1510 inquit,
944 1469 982 1500 in
999 1475 1132 1510 corpore
1146 1466 1319 1508 poenitens
1335 1475 1400 1497 non
1419 1465 1598 1509 receperit,
1635 1467 1784 1511 consequi
1810 1477 1887 1500 exu-

282 1538 335 1564 tu,-
353 1536 449 1561 carne
466 1535 533 1559 non
546 1522 697 1568 poterit,
723 1528 782 1551 ner
801 1514 924 1559 neceffe
941 1513 992 1558 cst,
1010 1525 1068 1547 nos
1085 1523 1205 1551 eorum,
1224 1513 1282 1558 qui
1288 1510 1335 1556 fic
1352 1510 1510 1550 obierint,
1526 1515 1644 1547 merita
1653 1514 1810 1562 aHquue
1821 1514 1886 1559 dil-

286 1587 414 1614 cutere‚
442 1584 510 1608 cum
530 1570 674 1605 dominus
694 1566 786 1603 Deus
801 1563 909 1608 noster
923 1564 1015 1607 cujus
1027 1560 1163 1606 judicia
1182 1567 1352 1606 nequeunt
1370 1560 1616 1604 comprehendi,
1643 1562 1889 1610 quodfacerdo-

282 1628 350 1662 tale
367 1621 586 1668 ministerium
604 1616 740 1664 implere
760 1626 823 1648 non
838 1614 973 1658 potuim
993 1609 1239 1655 suaejustitiae
1264 1611 1466 1652 reservavit.
1520 1610 1561 1642 Et
1588 1605 1726 1654 epistola
1750 1610 1889 1655 sequen.

279 1678 321 1710 ti:
375 1674 443 1708 Nos
459 1678 576 1707 autem,
618 1664 713 1701 uibus
735 1660 925 1697 viventibus
951 1671 1015 1694 non
1032 1659 1351 1696 communicavimus,
1403 1660 1539 1692 mortuis
1565 1656 1804 1694 commum’cay.e
1828 1672 1892 1696 mm

278 1724 448 1772 poffumus.
500 1679 615 1753 Gelaiq.
631 1716 666 1749 in
682 1710 775 1759 epist.
792 1709 834 1744 ad
852 1707 1031 1754 episcopos
1049 1706 1247 1742 Dardaniae.
1301 1707 1494 1746 Caeterum,
1530 1706 1658 1751 inquit,
1701 1709 1777 1755 jam
1795 1709 1836 1745 de
1853 1721 1889 1745 ω

283 1775 341 1822 qui
359 1772 476 1806 divino
491 1765 625 1815 judicio
642 1762 834 1809 constitutus
850 1757 943 1794 nobis
953 1761 1015 1804 fas
1032 1755 1127 1803 aliud
1145 1755 1321 1790 decernere
1337 1767 1404 1789 non
1421 1755 1480 1799 est,
1531 1765 1687 1802 praeter,
1707 1757 1746 1792 id
1762 1756 1799 1793 in
1825 1763 1889 1806 quo

285 1834 356 1858 eum
373 1820 444 1855 dies
456 1819 630 1864 supremus
647 1812 792 1848 invenit.
846 1806 973 1843 Eadem
993 1805 1065 1841 fere
1081 1805 1178 1840 habet
1196 1804 1230 1838 in
1249 1803 1392 1838 concilio
1410 1806 1565 1840 Romano
1583 1814 1650 1851 pro
1661 1803 1787 1840 Miseni
1804 1805 1890 1854 epis·

282 1870 360 1916 copi
379 1865 478 1902 causa
495 1863 670 1900 celebrato.
723 1859 837 1902 Quia,
866 1857 994 1900 inquit,
1021 1868 1090 1890 cum
1114 1854 1236 1889 dmum
1259 1853 1308 1893 fit,
1331 1864 1538 1902 quaecunque
1561 1854 1590 1894 lp·
1617 1857 1762 1890 avet-itis
1781 1844 1894 1903 supier.

284 1929 431 1954 terram?
458 1927 535 1963 quos
554 1924 634 1960 ergo
652 1921 716 1946 non
735 1908 795 1953 effe
803 1908 876 1953 jam
896 1905 1016 1950 constat
1028 1907 1132 1950 super
1147 1912 1288 1939 terram,
1315 1914 1378 1937 non
1395 1902 1581 1948 humanust»
1613 1904 1674 1947 suo
1681 1903 1813 1949 judicio
1832 1898 1897 1951 re-}

276 1969 457 2013 ser-vavit3
509 1974 567 1997 nec
591 1961 691 1995 audet
713 1957 834 2003 eccleyia
843 1953 975 2000 sibimet
992 1953 1182 1992 vindicare,
1213 1950 1299 2000 quod
1317 1951 1390 1997 ipsis
1411 1951 1514 1985 beatis
1534 1952 1682 1998 apostolis
1703 1953 1888 2000 conspiciat

283 2028 348 2054 non
359 2014 468 2062 fuiffe
486 2010 678 2055 conuffrm,
705 2008 785 2054 quin
800 2005 867 2038 alia
884 2003 926 2048 est
942 2004 1034 2049 causa
1047 2001 1278 2050 superstitum,
1305 2001 1374 2034 alia
1394 1999 1637 2047 dqfunb‘t'orraem,

434 2114 481 2148 Ex
500 2110 552 2145 his
569 2106 767 2144 testimoniis
791 2103 939 2149 Vigilius
966 2103 1002 2137 in
1019 2100 1199 2138 constituto
1223 2098 1346 2147 probat
1364 2100 1656 2145 praedecessorum
1670 2093 1811 2143 suorum
1829 2100 1886 2137 de.-

288 2165 388 2203 cretis
407 2158 627 2198 innotescere,
651 2155 858 2200 sacerdotum
878 2156 914 2188 in
926 2164 1009 2198 pace
1023 2149 1221 2198 ecclesiastica
1241 2150 1476 2196 defunHorum
1489 2175 1497 2190 ‚
1534 2149 1660 2185 illaesas
1676 2144 1739 2190 E'ffe
1763 2148 1893 2197 deberq

287 2214 448 2262 personas
472 2220 531 2246 nec
554 2206 759 2244 anathemati
784 2201 1025 2252 subjiciendas,
1075 2210 1108 2237 et
1122 2198 1199 2236 ideo
1218 2197 1325 2235 tribus
1350 2197 1507 2245 capitulis
1524 2198 1730 2237 subscribere
1746 2198 1895 2248 recutiat„

1791 2250 1837 2285 At
