2022 2733
284 195 781 239 DISSERTATIONES
832 200 1175 241 HISTORICAE.
1214 208 1467 245 Disszu'slli.
1571 222 1640 255 205

86 285 395 322 nonvcommendat.
450 286 535 331 Quis
555 286 972 327 adfirmaveritMeletium
985 317 993 333 ‚
1023 294 1191 341 Cyrillum
1208 305 1239 329 et
1256 295 1340 331 alios
1360 297 1538 332 orientales
1556 297 1597 332 ab
1614 297 1693 344 ipso

84 335 205 372 stantes
225 334 451 370 schismaticos
470 333 586 373 inisse,
610 338 689 381 quia
705 350 780 371 cum
800 338 927 374 ecclelia
943 344 1096 379 Romana
1114 356 1183 378 non
1204 345 1507 387 communicabant,
1538 358 1596 381 aut
1613 348 1693 391 quis

84 397 103 420 e
120 396 236 420 contra
254 397 324 420 non
342 383 491 419 fateatur
510 384 686 421 Paulinum
707 398 737 419 et
758 386 831 433 ejus
851 387 957 424 socios
979 392 1013 424 in
1033 388 1226 438 periculum
1244 393 1431 429 schismatis
1459 397 1592 436 venire,
1618 396 1697 431 licet

81 446 160 469 cum
182 433 310 469 ecclelia
327 436 477 469 Romana
492 434 733 475 communione
753 434 860 480 juniii
879 437 1033 475 fuerint?
1086 444 1173 488 Quis
1198 443 1317 478 audeat
1344 443 1453 478 dicere
1474 443 1696 482 Athanasium

82 494 115 518 et
133 483 216 518 alios
233 481 333 518 fuisse
350 481 597 521 schismaticos.
621 482 777 519 Arianos
796 496 875 519 vero
894 489 926 520 in
948 489 1096 531 ecelesia,
1123 503 1162 524 eo
1183 493 1275 534 quod
1285 492 1442 528 Liberius
1461 494 1524 529 hos
1542 493 1581 527 ad
1602 506 1695 530 com-

80 533 285 568 munionem
303 531 398 567 suam
417 529 612 572 admififfet,
641 532 719 566 illos
740 532 780 566 ab
798 544 834 566 ea
853 536 1051 580 repulisset?
1103 542 1225 573 Nemo
1245 541 1328 574 item
1345 540 1505 577 Atticum
1526 541 1694 577 Constan-

80 581 370 628 tinopolitanum,
405 592 438 615 et
454 593 570 616 omnes
591 580 732 615 orientis
755 583 982 625 patriarchas,
1009 597 1073 631 pro
1100 586 1315 622 schismaticis
1342 600 1374 622 et
1392 593 1695 627 excommunicatis

81 643 234 676 unquam
255 631 392 671 habuit,
427 629 505 665 licet
529 642 547 663 a
565 630 806 664 communione
829 633 1000 667 Romanae
1026 634 1178 670 ecclefiae
1196 635 1291 671 divisi
1320 637 1528 682 aliquamdiu
1552 638 1694 676 fuerint.

80 683 232 721 Verum,
261 691 300 715 ut
316 679 381 726 jam
401 677 488 719 dixi,
519 677 637 713 necelse
656 678 708 719 cst,
721 689 759 713 ut
775 677 827 713 isti
844 693 1008 716 retineant
1025 686 1179 718 animum
1198 686 1339 720 uniendi
1365 687 1430 721 sese
1456 699 1532 723 cum
1559 689 1693 725 ecclelia

81 734 252 766 Romana,
279 728 374 773 quod
394 727 532 773 egregie
549 740 568 761 a
591 729 766 775 Cypriano
785 727 1004 766 observatum
1022 731 1076 774 est,
1107 735 1166 777 qui
1183 733 1262 769 licet
1277 736 1476 781 aStephano
1493 749 1692 773 excommu-

80 781 211 814 nicatus
228 775 338 815 foret,
363 789 480 823 pacem
498 789 619 817 tamen,
640 789 806 822 quantum
827 779 861 812 in
881 780 957 826 ipso
974 781 1060 819 fuit,
1087 781 1222 827 semper
1246 782 1350 825 fovit,
1379 797 1440 820 nec
1460 799 1612 831 unquam
1632 801 1694 822 vo-

79 830 143 863 luit
159 830 329 862 Romanae
348 825 498 861 ecclesiae
523 828 806 862 communionem
828 827 1051 876 abrumpere:
1103 833 1299 871 Neminem,
1324 834 1454 879 inquit,
1475 837 1687 881 separantes„

60 883 136 913 'aut
154 891 173 912 a
190 878 409 912 communione
422 878 677 920 summoventes.
728 879 777 911 lta
795 880 895 913 etiam
906 880 1066 914 Meletius
1090 892 1121 915 et
1141 881 1198 915 alii
1223 895 1242 916 a
1256 885 1500 919 communione
1520 887 1692 919 Romanae

79 926 230 961 ecclefiae
246 924 371 971 repulfi
391 923 522 970 semper
541 925 576 958 in
598 926 685 959 votis
704 926 906 970 habuerunt,
927 941 963 964 ut
979 941 1056 964 cum
1075 942 1112 964 ea
1128 930 1367 977 jungerentur,
1393 944 1424 968 et
1441 933 1528 968 nibil
1548 946 1618 968 non
1639 932 1692 969 ef-

78 973 199 1016 fecere,
209 987 246 1009 ut
270 974 310 1008 ad
329 984 484 1019 optatum
504 971 606 1007 finem
625 976 854 1019 pervenirent.

229 1025 363 1057 Verum
383 1021 406 1056 fi
424 1033 497 1056 rem
516 1023 666 1067 penitius
685 1023 891 1063 scrutemur,
917 1023 998 1059 ideo
1018 1024 1195 1061 necessaria
1215 1026 1346 1073 semper
1368 1028 1480 1063 habita
1500 1029 1545 1064 est
1563 1033 1690 1066 Roma—

82 1073 116 1107 ni
139 1069 312 1118 pontificis
335 1070 556 1107 communio,
593 1082 629 1104 ut
653 1072 731 1115 quis
750 1084 819 1105 non
846 1072 1031 1107 haberetur
1053 1087 1121 1119 pro
1141 1074 1372 1118 schismatico,
1413 1079 1492 1121 quia
1515 1092 1579 1124 per
1607 1092 1688 1114 eum

82 1133 254 1166 tamquam
272 1132 336 1165 per
354 1119 494 1154 unitatis
512 1129 667 1154 centrum
686 1120 846 1154 omnibus
867 1120 1010 1156 ecclesiis
1031 1124 1195 1158 uniuntur
1212 1123 1335 1160 fideles.
1387 1129 1553 1172 Namque
1567 1141 1687 1163 omnes

80 1169 282 1205 ecclefiastici
299 1167 478 1213 scriptores
500 1180 558 1202 eos
574 1167 797 1202 schismaticos
818 1169 879 1203 eise
895 1171 1092 1214 perhibent,
1119 1172 1177 1216 qui
1198 1186 1215 1206 a
1233 1176 1338 1208 totins
1357 1175 1505 1210 ecclesiae
1530 1189 1690 1212 commu·

80 1220 184 1254 nione
203 1217 345 1263 separati
364 1217 458 1255 sunt,
487 1216 553 1249 hoc
572 1215 616 1249 est
634 1216 674 1249 ab
701 1219 855 1250 omnium
883 1218 933 1250 vel
953 1231 1043 1262 pene
1061 1223 1219 1255 omnium
1239 1222 1331 1256 orbis
1356 1223 1568 1260 ecclefiarum
1594 1238 1687 1261 com-2

78 1268 244 1302 munione
262 1263 394 1310 expulli.
447 1264 500 1298 Sic
518 1266 547 1297 S.
564 1265 722 1297 Irenaeus
740 1267 777 1298 L.
795 1276 832 1306 4.
851 1275 923 1308 cap.
942 1277 1001 1307 43,
1021 1266 1248 1302 schismaticos
1267 1281 1360 1304 vocat
1375 1276 1510 1320 e03,qui
1533 1274 1687 1320 ahfistunt

79 1330 99 1352 a
124 1315 313 1364 principali
332 1311 541 1360 sucoeffione,
586 1324 655 1346 non
684 1314 787 1347 unius
815 1313 984 1354 ecclesiae,
1023 1315 1079 1350 sed
1107 1315 1317 1352 ecclesiarum
1344 1320 1500 1355 omnium
1526 1334 1564 1358 ac
1587 1335 1685 1367 prae..

79 1367 179 1412 cipue
204 1362 480 1409 apostolicarum.
556 1360 789 1397 Tertullianus
816 1363 850 1396 in
878 1362 1202 1410 praescriptionibus
1228 1367 1267 1401 ad
1294 1368 1510 1413 probandam
1536 1371 1687 1406 ecclefiac

80 1425 112 1450 et
141 1411 316 1449 dostrinae
343 1410 420 1446 suae
446 1411 646 1451 veritatem,
699 1410 780 1446 dicit
807 1410 840 1446 se
868 1416 1119 1449 communicare
1147 1427 1227 1451 cum
1254 1417 1415 1453 omnibus
1443 1417 1588 1455 ecclefiis.
1614 1433 1685 1455 ma-

77 1462 219 1500 tricibus
246 1473 278 1497 et
303 1459 508 1507 apostolicis.
562 1460 719 1495 Clemens
736 1460 992 1496 Alexandrinus
1020 1464 1202 1499 haereticos
1230 1465 1415 1501 schismatis
1439 1469 1611 1504 convincit
1639 1468 1686 1504 ob

78 1510 393 1550 conventiculorum
422 1508 563 1544 suorum
592 1509 789 1544 novitatem.
864 1512 1058 1560 Cyprianus
1083 1514 1119 1548 in
1147 1514 1297 1560 epistolis
1321 1516 1387 1551 {uis
1415 1529 1473 1552 eos
1499 1517 1687 1553 schismati-

77 1575 135 1599 cos
163 1560 225 1596 effe
251 1559 464 1607 pronuntiat,
493 1558 553 1602 qui
579 1569 598 1591 a
623 1559 868 1594 communione
894 1560 1046 1609 cujusvis
1081 1562 1234 1609 episcopi
1261 1565 1490 1606 discedentes,
1539 1579 1579 1601 eo
1605 1567 1687 1613 ipso

78 1610 300 1646 censebantur
324 1621 344 1643 a
371 1609 477 1642 totius
503 1605 654 1641 ecclessae
679 1609 924 1643 communione
949 1609 1062 1645 alieni.
1118 1615 1265 1658 Optatus
1294 1627 1463 1661 perpetuo
1490 1616 1686 1651 Donatista-

78 1659 310 1697 schismaticos
338 1655 399 1691 effe
424 1656 567 1703 probat,
596 1657 691 1701 quod
717 1655 758 1690 ab
785 1657 995 1693 ecclesiarum
1024 1661 1129 1695 totins
1155 1663 1247 1697 orbis
1275 1667 1518 1700 communione
1537 1663 1688 1700 discesse-

23 1745 24 1748 ,
76 1721 164 1747 rant.
193 1707 387 1743 Videndum
407 1707 458 1753 est,
469 1706 592 1750 inquit,
603 1708 677 1753 quis
689 1708 727 1740 in
744 1706 857 1741 radice
873 1719 939 1741 cum
953 1717 1021 1743 toto
1038 1709 1114 1743 orbe
1135 1715 1307 1758 manserit,
1327 1717 1399 1760 quis
1412 1717 1515 1760 foras
1530 1717 1655 1750 exierit
1668 1721 1686 1751 ἒ

80 1762 158 1795 etL.
179 1770 209 1792 2.
223 1758 270 1791 ait
292 1766 444 1792 extorres
461 1753 526 1790 eise
542 1754 584 1789 ab
606 1754 947 1795 ecclefiaDonazistas‚
968 1757 1060 1800 quod
1078 1762 1218 1795 caeteris
1239 1762 1380 1796 ecclefiis
1400 1775 1471 1797 non
1489 1766 1685 1799 communi·

79 1818 191 1845 carent
208 1818 274 1852 per
285 1807 383 1841 Rom.
401 1804 603 1852 episcopum
621 1816 659 1839 ut
676 1803 843 1840 catholici.
884 1804 990 1848 Quid,
1002 1807 1123 1851 inquit,
1137 1811 1186 1843 illi
1196 1810 1372 1857 (ecelesiae)
1384 1815 1519 1859 negatis
1537 1814 1683 1849 orientis

79 1853 120 1895 ei
139 1857 393 1903 septentrionis,
420 1858 523 1890 etiam
549 1853 725 1888 occidentis
749 1857 1005 1900 provinciarum
1039 1859 1180 1892 omnium
1205 1869 1238 1894 et
1266 1860 1563 1898 innumerabilium
1587 1864 1685 1909 insu-

79 1910 185 1944 larum
208 1906 347 1951 populos
374 1904 583 1950 christianos,
618 1913 735 1938 contra
763 1916 839 1950 quos
865 1916 922 1938 vos
948 1905 1012 1948 [oli
1033 1909 1138 1950 pauci
1164 1907 1302 1943 rebelles
1328 1909 1418 1953 estis,
1451 1918 1484 1945 et
1510 1923 1579 1945 cum
1606 1916 1684 1960 qui..

75 1956 133 1992 bus
159 1955 287 1990 nullum
313 1956 514 1999 consortium
540 1954 768 1986 communionis
791 1952 966 2000 poffidetis.
1018 1955 1153 1989 Centies
1179 1957 1272 1992 idem
1288 1970 1533 2004 argumentum
1552 1961 1588 1994 in
1607 1974 1681 1997 eos·

78 2005 156 2040 dem
180 2001 373 2038 Dona-tisias
400 2001 543 2038 inculcat
569 1999 796 2046 Augustinus,
849 2013 880 2036 et
906 2001 1131 2039 schismaticos
1165 2005 1242 2041 illos
1276 2006 1339 2041 else
1366 2008 1482 2049 docet,
1515 2010 1610 2054 quod
1636 2014 1680 2046 ab

78 2051 290 2090 ecclesiarum
318 2053 474 2087 omnium
503 2051 750 2085 communione
776 2049 876 2085 essent
902 2051 1012 2085 alieni.
1090 2057 1138 2088 Ex
1165 2057 1292 2099 quibus
1317 2067 1351 2090 et
1376 2056 1450 2092 aliis
1475 2059 1681 2099 innumeris,

78 2115 164 2149 quae
189 2100 312 2136 adduci
338 2100 480 2148 possent,
508 2097 671 2139 efficitur,
700 2099 793 2134 illam
820 2099 986 2135 ecclesiam
1013 2099 1075 2135 effe
1101 2102 1354 2145 schismaticam,
1380 2118 1465 2151 quae
1490 2119 1509 2140 a
1534 2119 1682 2145 caetera-

78 2165 157 2188 tum
183 2150 340 2186 omnium
367 2150 421 2185 vel
448 2162 536 2196 pene
562 2149 718 2184 omnium
745 2151 987 2185 communione
1014 2150 1142 2186 divulsa
1167 2152 1222 2188 est.
1277 2155 1381 2198 Quod
1408 2167 1446 2190 ut
1473 2167 1544 2190 uno
1570 2158 1680 2193 verbo

82 2198 322 2244 demonstrem,
350 2198 574 2234 schismaticus
602 2197 660 2231 ille
683 2195 748 2235 est.
775 2209 807 2232 et
833 2211 947 2233 revera
974 2203 1291 2244 excommunicatus,
1310 2205 1369 2247 qui
1386 2204 1428 2239 ab
1443 2204 1573 2240 ecclelia
1602 2209 1679 2242 uni-

81 2247 174 2285 versa
201 2246 245 2284 est
271 2247 438 2296 praecisus
466 2260 497 2285 et
526 2245 667 2296 eir->Gna
694 2245 751 2282 sed
779 2247 917 2334 ecclelizct:
932 2259 1001 2282 non
1032 2247 1076 2284 est
1093 2251 1275 2300 episcopus
1294 2253 1436 2300 aliquis,
1462 2264 1520 2289 aut
1543 2257 1679 2300 privata

337 2313 340 2318 ’
942 2309 961 2345 5?
1013 2308 1032 2340 3
1514 2302 1630 2351 aliqua
