1940 2728
242 222 320 263 452
521 213 598 251 ne
623 198 900 255 ANT‘to'uA
925 206 1238 247 EchESIAE
1268 207 1613 247 mactet-mn

198 317 273 343 tum
297 302 505 352 principales
533 300 673 339 suarum
696 299 937 350 poss'effionum
965 297 1144 338 dominio,
1170 295 1194 331 fi
1214 295 1403 332 haereticos
1427 295 1471 332 ab
1494 297 1539 333 iis
1565 297 1734 345 expellere
1755 309 1816 334 ne·

198 356 353 404 glexerit.
970 372 978 375 >

294 401 496 451 Respondeo
522 402 660 448 primo,
686 411 749 435 nec
769 396 939 434 ecclesiam
963 408 1025 431 nec
1056 395 1241 431 concilium
1272 394 1428 441 generale
1458 407 1539 430 ean}
1552 394 1815 442 repraesentans,

199 454 384 501 quidquam
402 451 525 487 habere
543 452 632 500 juris
646 452 682 486 in
700 447 902 496 temporalia
920 458 1041 492 regum
1059 445 1165 487 bona,
1194 456 1257 480 nec
1273 445 1313 480 de
1330 445 1371 479 iis
1389 445 1520 490 aliquid
1539 444 1683 481 statuere
1697 445 1815 491 poffe3

197 505 322 550 quippe
347 515 426 537 cum
455 514 578 546 regum
603 498 748 547 potestas
767 496 960 533 immediate
976 509 993 530 a
1010 498 1084 530 Deo
1100 494 1158 532 fit,
1184 506 1287 529 nemo
1305 507 1378 529 eam
1395 495 1438 529 iis
1452 493 1587 530 auferre
1604 493 1734 541 potest,
1759 506 1819 530 aut

200 552 332 598 aliquid
357 552 449 599 juris
475 551 572 585 alteri
602 551 638 584 in
663 561 736 584 eam
764 548 932 587 tribuere,
961 556 1096 591 practer
1115 544 1297 590 ipsummet
1313 546 1438 580 Deum.
1490 546 1584 590 Ergo
1604 545 1703 579 etiam
1721 543 1743 578 si
1764 555 1816 579 ec-

196 604 308 643 clelia,
335 601 388 635 vel
404 600 588 636 concilium
607 597 807 646 hujusmodi
823 596 883 630 ‘fibi
903 606 1078 640 arrogaret
1095 593 1346 634 austoritatem‚
1381 606 1450 628 non
1468 605 1652 640 propterea
1674 593 1813 639 regibus

201 666 238 687 ea
259 650 446 686 cedendum
469 647 572 685 foret.
625 650 719 683 Sicut
744 645 874 680 ecclefia
899 656 969 678 non
997 642 1096 677 debet
1122 641 1258 688 legibus
1282 643 1480 688 principum
1507 655 1649 688 parere,
1674 654 1752 678 cum
1779 643 1816 677 in

200 699 464 736 destructionem
481 698 564 744 legis
580 698 646 733 Dei
665 696 819 731 conditae
838 695 926 728 sunt.
981 694 1023 726 Et
1046 703 1131 726 certe
1160 690 1373 727 definitiones
1392 691 1620 727 conciliorum
1639 693 1738 726 etiam
1759 703 1819 738 ge.

202 751 370 784 neralium
398 748 526 783 nullam
551 748 622 780 vim
648 745 788 782 habent,
817 743 840 775 fi
865 742 1019 775 ferantur
1038 741 1125 774 circa
1141 752 1212 779 ree,
1241 753 1327 784 quae
1345 753 1414 775 non
1432 742 1605 785 pertinent
1620 740 1660 775 ad
1680 741 1816 786 religio-

200 813 274 835 nem
296 811 327 832 et
348 796 468 836 fidem,
495 806 593 841 puta,
621 794 709 826 circa
729 803 782 825 res
800 789 988 828 naturales,
1024 786 1286 827 astronomicas,
1312 799 1413 832 atque
1433 790 1532 823 etiam
1551 790 1720 834 politicas,
1746 788 1817 824 etfi
1847 801 1850 804 ’

203 849 285 894 quid
310 848 350 882 de
366 847 407 881 iis
426 845 576 882 statuant,
605 853 676 876 non
695 850 852 875 tenemur
871 849 992 872 eorum
1015 836 1158 871 decretis
1177 834 1598 880 tamquaminfallibilibus
1614 838 1817 880 adhaerere3

204 907 420 942 quapropter
441 905 552 927 canon
574 891 631 926 ille
658 901 738 924 cum
764 888 802 924 fit
822 887 861 922 de
888 887 1029 933 negotio
1048 886 1158 923 civili,
1184 885 1311 921 nullam
1333 886 1401 920 vim
1420 885 1544 921 habere
1566 885 1679 933 potest
1697 885 1761 922 nisi
1779 899 1820 922 ex

204 945 369 982 coulensu
390 954 524 988 regum.

300 992 502 1038 Respondeo
518 988 688 1027 secundo,
712 989 804 1022 hunc
821 997 983 1020 canonem
995 994 1072 1020 ‘non
1091 982 1191 1019 fuiffe
1208 983 1248 1018 ab
1274 982 1433 1019 universo
1454 984 1599 1020 concilio
1626 984 1819 1019 conciliari·

202 1057 268 1081 ter,
297 1056 333 1078 nt
353 1043 560 1086 loquuntur,
587 1039 782 1077 conditum,
811 1035 865 1070 sed
885 1049 900 1069 a
918 1034 988 1069 solo
1006 1048 1090 1081 papa
1108 1035 1321 1072 Innocentio,
1350 1035 1408 1078 qui
1428 1034 1564 1068 concilii
1584 1046 1727 1069 canones
1748 1033 1822 1080 ipse

202 1092 394 1138 composuit
411 1102 441 1125 et
456 1089 595 1136 digeffit.
649 1089 763 1122 Primo
781 1087 868 1120 enim
889 1083 1049 1119 testantur
1068 1082 1218 1119 historici
1244 1083 1437 1129 complures
1457 1083 1543 1117 nihil
1559 1085 1594 1118 in
1614 1095 1654 1118 eo
1671 1083 1820 1118 concilio

200 1142 298 1178 flatui
316 1138 473 1187 potuisse.
520 1141 574 1174 Sic
591 1138 750 1182 loquitur
763 1134 955 1170 Nauclerus
974 1145 1122 1180 generat.
1143 1146 1180 1176 4.
1193 1132 1233 1167 ad
1254 1145 1378 1181 annum
1402 1145 1465 1166 121
1478 1145 1507 1176 ς.
1536 1134 1680 1170 Venere,
1696 1133 1822 1177 inquit,

202 1193 346 1236 loquens
372 1191 412 1225 de
437 1189 605 1228 concilio„
628 1188 733 1222 multa
751 1195 823 1221 tum
839 1186 874 1218 in
890 1186 1176 1228 consultationem,
1204 1194 1263 1217 nec
1279 1182 1419 1217 decerni
1434 1191 1546 1217 tamen*
1564 1181 1746 1230 quidquam
1759 1193 1819 1228 po-

204 1246 288 1277 tuit.>
336 1242 380 1275 Et
408 1251 505 1273 mox:
534 1237 660 1273 Editae
686 1245 798 1271 tamen
820 1235 995 1268 nonnullae
1030 1233 1270 1279 constitutiones
1297 1234 1530 1278 reperiuntur.
1589 1230 1685 1266 Idem
1714 1229 1823 1265 tradit

205 1291 335 1325 Platina
352 1291 386 1323 in
406 1287 606 1322 Innocentio
627 1287 688 1319 III.
721 1286 854 1319 Venere
870 1284 974 1317 multa
997 1291 1066 1316 tum
1084 1281 1217 1329 quidem
1237 1283 1272 1315 in
1290 1282 1583 1325 consultationem,
1608 1291 1668 1315 nec
1682 1279 1819 1316 decerni

205 1348 314 1374 tamen
333 1336 513 1384 quidquam
533 1343 650 1381 aperte
663 1335 793 1379 potuit.
848 1331 948 1373 Quod
965 1340 999 1366 et
1015 1332 1130 1376 Pisani
1151 1339 1186 1365 et
1204 1329 1393 1374 Genuenses
1414 1331 1583 1364 maritimo
1600 1338 1637 1364 et
1653 1330 1821 1373 Cilalpini

205 1386 362 1433 terrestri
388 1384 469 1420 hello
498 1386 593 1418 inter
609 1383 646 1426 se
671 1379 863 1416 certabant:
901 1390 935 1412 eo
963 1381 1078 1425 iraque
1097 1377 1312 1423 proficiscens
1337 1377 1504 1411 tollendae
1520 1376 1708 1420 discordiae
1723 1377 1820 1421 causa

207 1436 334 1482 PeruJiz'
352 1437 509 1469 cmoritur.
563 1428 776 1466 Godefridus
793 1425 1013 1463 Viterbienfis
1032 1426 1071 1460 ad
1086 1437 1213 1460 annum
1233 1437 1336 1468 1215.
1363 1425 1405 1459 In
1431 1426 1493 1459 hoc
1509 1426 1660 1465 concilio,
1687 1426 1820 1469 inquit,

207 1487 296 1520 nihil
315 1485 457 1531 dignum
481 1483 655 1519 memoria,
681 1477 768 1526 quod
797 1475 1018 1510 commendari
1041 1474 1154 1521 poffit,
1181 1473 1288 1507 afium
1315 1473 1374 1518 est,
1402 1471 1462 1516 nisi
1477 1473 1565 1518 quod
1580 1475 1757 1509 orientalis
1771 1485 1821 1509 ec-

210 1533 298 1580 :testa
310 1536 348 1577 Je
358 1531 531 1577 subditam
550 1531 719 1564 Romanae
735 1524 895 1560 exhibuit.
951 1525 994 1556 Et
1019 1533 1107 1556 cet-te
1123 1521 1146 1554 fi
1168 1523 1203 1555 in
1222 1533 1264 1554 eo
1280 1520 1422 1554 concilio
1441 1521 1654 1566 promulgati
1675 1521 1753 1558 sunt
1772 1534 1822 1558 ca·

211 1595 336 1621 nones,
361 1581 419 1624 qui
445 1579 505 1614 sub
533 1576 682 1624 ejusdem
710 1573 843 1608 concilii
860 1571 1000 1606 nomine
1018 1568 1181 1605 feruntur
1195 1569 1235 1603 ab
1253 1571 1456 1603 Innocentio
1477 1572 1542 1604 ΙΙΙ.
1561 1582 1629 1605 non
1647 1581 1721 1606 toto
1741 1584 1823 1607 con-

209 1633 287 1666 cilio
306 1629 433 1664 conditi
453 1628 538 1662 sunt.
593 1626 684 1660 Hinc
703 1625 735 1656 in
756 1621 857 1656 titulo
876 1621 976 1665 hujus
993 1619 1130 1654 concilii
1149 1632 1166 1653 a
1182 1617 1309 1665 jacobo
1328 1618 1606 1665 Middemportio
1632 1621 1718 1655 inter
1742 1633 1822 1667 ope-

210 1694 246 1716 ra
267 1678 458 1713 Innocentii
476 1679 533 1710 111.
552 1675 638 1709 edita
657 1671 819 1707 Coloniae
837 1670 927 1715 apud
944 1669 1127 1703 Cholinum
1147 1679 1236 1702 anno
1261 1681 1270 1699 ι
1283 1671 1362 1711 607.
1374 1667 1415 1702 {ic
1431 1668 1583 1703 habetur.
1635 1670 1734 1704 Sacri
1750 1683 1824 1705 con-

209 1732 281 1764 cilii
293 1729 463 1778 generali,
482 1721 778 1767 Latera71enfi5sub
802 1720 929 1754 domino
948 1719 1140 1753 Innocentio
1157 1716 1312 1763 pontifice
1324 1719 1464 1751 maximo
1478 1719 1576 1764 liujus
1593 1722 1736 1757 nominis
1752 1728 1824 1754 ter-

208 1783 257 1814 rio
284 1776 443 1813 celebrati
469 1787 552 1809 anno
577 1773 705 1808 dommi
737 1782 838 1811 ¹2¹5-
871 1768 1002 1803 decreta
1028 1767 1068 1802 ab
1101 1767 1209 1802 eodem
1230 1766 1424 1801 Innocentio
1445 1769 1641 1813 conscripta.
1695 1768 1819 1803 Eadem

208 1828 377 1863 habentur
395 1838 433 1859 ex
459 1823 632 1859 Matthaeo
655 1818 822 1855 Parifienli
841 1818 873 1851 in
892 1817 1029 1851 historia
1047 1816 1191 1862 Aug-liae
1202 1815 1243 1849 ad
1262 1827 1392 1849 annum>
1415 1827 1518 1859 ¹²15·
1547 1815 1737 1856 Celebrata‚
1765 1818 1817 1851 in-

208 1879 301 1921 quit,
331 1876 372 1923 est
398 1876 516 1909 Romae
530 1871 678 1919 synodus
695 1869 897 1911 universalis
913 1865 1120 1913 praefidente
1139 1877 1230 1912 papa
1248 1865 1375 1899 domino
1393 1864 1585 1899 Innocentio
1603 1865 1678 1904 III„
1697 1868 1734 1900 in
1753 1878 1819 1914 qua

201 1931 355 1973 fuerunt
381 1925 525 1971 episcopi
553 1933 635 1963 412.
665 1927 723 1954 etc.
776 1917 844 1952 His
862 1916 1006 1950 omnibus
1026 1916 1257 1963 congregatis,
1284 1915 1376 1959 facio
1391 1916 1487 1959 prius
1512 1913 1553 1948 ab
1573 1914 1641 1960 ipso
1654 1926 1746 1961 papa
1765 1927 1819 1950 ex·

208 1975 409 2011 hortarionis
429 1975 594 2017 sermone,
623 1972 767 2004 recitata
788 1968 872 2010 sunt
900 1968 937 1999 in
960 1966 1059 2011 pleno
1084 1965 1218 1998 concilio
1238 1965 1417 2011 sexaginta
1438 1964 1606 2010 capitula,
1632 1975 1715 2011 quae
1737 1966 1816 1999 aliis

206 2024 386 2073 placabilia
397 2046 406 2058 ,
434 2023 481 2054 ali
488 2024 510 2053 ·'s
527 2019 734 2054 videbantur
750 2016 879 2060 onerosa
891 2039 898 2053 ,
929 2014 1061 2049 tandem
1085 2013 1125 2048 de
1141 2015 1271 2060 negotii
1288 2011 1443 2053 crucifixi
1459 2021 1574 2048 terrae
1584 2013 1721 2057 saizffae
1737 2025 1817 2047 ver-

209 2076 281 2109 hum
300 2070 567 2119 praedicationis
585 2068 736 2112 exorsus,
766 2073 825 2099 etc.
881 2063 975 2097 Idem
994 2074 1092 2097 autor
1107 2059 1296 2096 iri-historia
1315 2060 1461 2102 minori,
1488 2073 1528 2096 ut
1547 2061 1692 2096 refertur
1707 2061 1740 2095 in
1759 2075 1817 2096 an-

206 2120 419 2168 tiquitatibus
438 2118 640 2153 Britannicis
661 2118 693 2150 in
712 2116 779 2149 vita
794 2113 955 2159 Stephani
974 2111 1177 2158 Langthoni.
1232 2108 1427 2148 Concilium,
1453 2110 1586 2155 inquit,
1611 2110 1700 2145 illud
1709 2123 1819 2159 gene·

200 2175 295 2208 rulo,
325 2169 411 2218 quod
427 2179 516 2203 more
531 2168 648 2213 papali
663 2163 815 2213 grandia
829 2166 942 2209 prima
955 2165 1076 2208 fronte
1088 2169 1174 2208 prae
1191 2161 1223 2201 le
1239 2161 1323 2195 tulit
1338 2163 1377 2194 in
1392 2160 1493 2200 risum
1516 2169 1550 2195 et
1567 2160 1727 2204 fiomma3
1754 2172 1820 2207 quo-

207 2221 485 2267 archiepiscopos,
515 2218 698 2263 episcopos,
725 2212 859 2248 abbates
884 2222 1053 2259 omnesque
1077 2209 1122 2246 ad
1144 2211 1316 2244 concilium
1332 2207 1515 2244 accedentes
1529 2207 1708 2251 artificiose
1723 2209 1813 2244 ludi-

204 2271 325 2311 ficatus
345 2270 403 2315 cst,
431 2266 532 2313 dsfiit.
585 2266 644 2300 Illi
660 2266 748 2299 enim
764 2274 834 2298 cum
844 2263 917 2307 jam
936 2261 1026 2297 nihil
1040 2261 1125 2310 geri
1138 2261 1175 2294 in
1195 2266 1292 2294 tanto
1307 2259 1445 2306 negotio
1460 2266 1647 2299 cernerent,
1672 2257 1815 2341 redjzm-

730 2327 732 2329 “
1749 2320 1760 2341 Ι
