2022 2733
270 190 777 227 DISSERTATIONES
810 194 1156 232 HisTontcAE.
1220 180 1383 234 nissam.
1411 200 1454 234 11.
1562 211 1630 242 ης

215 277 340 313 Eadem
358 278 466 313 ferme
483 278 548 313 dici
567 279 689 315 debent
707 279 748 314 de
766 278 859 315 causa
877 281 1048 319 Marcelli,
1076 294 1175 327 quem
1199 283 1310 330 Julius
1336 297 1411 320 cum
1442 286 1620 321 Athanasio
1641 289 1676 323 in

65 329 346 363 communionem
367 327 510 373 suscepit
526 329 604 362 licet
621 329 816 364 damnatum
834 328 874 364 ab
891 331 1111 366 orientalibus
1130 333 1164 365 in
1183 332 1554 381 Constantinopolitana
1574 335 1675 383 syno-

63 377 120 413 do.
171 379 265 411 Nam
282 388 344 410 nec
365 377 420 411 ille
439 377 481 411 ad
497 377 697 422 pontificem
717 378 917 423 appellavit,
945 392 1006 415 nec
1020 380 1060 414 ab
1078 393 1117 415 eo
1135 380 1201 415 fuit
1218 382 1404 421 restitutus,
1431 383 1488 419 sed
1508 398 1525 419 a
1545 384 1677 433 synodo

63 425 261 461 Sardicenfi.
314 429 445 460 Verum
463 427 644 461 orientales
662 439 732 461 non
751 428 843 461 idem
863 427 905 462 de
921 441 960 463 eo
984 441 1021 464 ac
1041 431 1082 464 de
1106 431 1288 466 Athanasio
1317 433 1469 468 tulerunt
1489 434 1676 481 judicium,

61 475 150 510 unde
167 474 347 510 mansit·in
371 488 449 510 eum
467 476 532 509 lata
548 476 724 517 sententia,
761 488 875 520 atque,
902 488 941 511 ut
966 477 1242 517 observavimus,
1276 494 1376 517 nemo
1406 495 1476 517 non
1503 496 1583 519 eum,
1606 497 1676 530 pm

59 524 229 560 haeretico
246 527 280 559 in
299 526 428 560 oriente
443 524 663 571 proscriplit,
691 526 845 569 quamvis
865 526 1068 562 Athanasius
1093 540 1111 561 a
1139 525 1283 563 ferendo
1305 530 1339 564 in
1364 543 1442 567 eum
1467 531 1596 578 judicio
1621 533 1678 568 ab·

62 572 228 610 stinuerit.

213 625 336 659 Extant
354 633 464 669 porro
483 620 634 668 ejusdem
652 623 818 668 temporis
833 622 987 669 exempla
1006 623 1074 658 duo
1085 623 1300 661 celeberrima
1318 625 1561 673 episcoporum
1582 629 1677 665 dam.

63 682 234 710 natorum,
256 673 315 716 qui
331 672 373 706 ad
393 671 590 717 pontificem
611 673 753 706 minime
763 684 1009 718 provocarunt.
1060 675 1217 709 Primum
1236 674 1280 709 est
1292 674 1679 716 EustathiiAntiocheni.

61 722 123 767 qui
140 721 181 756 ab
200 720 370 767 episcopis
389 722 531 756 orientis
544 746 552 761 ,
580 721 645 756 hoc
660 720 705 756 est
724 720 913 757 dioeceseos
932 722 1023 759 suae.
1050 735 1257 768 quamquam
1275 724 1397 772 iejuste
1423 725 1598 762 damnatus
1623 729 1677 775 ju-

62 772 152 806 dicio
169 771 353 816 acquievit,
382 782 441 805 nec
457 771 497 805 ad
517 770 717 816 pontificem
736 782 793 806 aut
811 772 910 807 aliam
927 772 1097 820 synodum
1108 768 1321 819 provocavit.
1348 775 1507 811 Alterum
1525 776 1570 811 est
1588 780 1675 813 Pau-

56 818 82 855 li
99 820 476 865 Constantinopolitani,
495 821 556 865 qui
568 820 744 855 damnatus
763 821 893 868 judicio
915 821 1074 866 quidem,
1087 834 1158 857 non
1182 822 1356 868 adquievit
1383 823 1437 858 sed
1458 838 1517 860 nec
1534 826 1575 860 ad
1588 839 1673 872 pon-

59 867 186 904 tificem
201 873 393 906 Romanum
415 871 630 915 provocavit.
680 873 811 905 Verum
833 883 996 916 quantum
1021 873 1156 917 potuit,
1193 873 1310 907 invitis
1338 873 1534 910 adversariis
1562 874 1674 911 sedem

56 919 218 960 retinuit,
246 919 352 953 donec
375 931 438 963 per
463 920 533 953 vim
559 931 598 954 ex
623 932 660 954 ea
680 920 856 955 multoties
883 921 1070 967 ejiceretur.
1123 924 1174 956 Ita
1201 923 1302 957 etiam
1326 925 1453 958 Lucius
1481 924 1675 960 Hadriano·

54 967 178 1013 poleos
197 979 228 1004 et
245 968 302 1003 alii
317 965 425 1002 ferme
445 980 564 1003 omnes
581 968 622 1002 ab
640 970 775 1004 Arianis
794 967 914 1015 injuste
933 970 1098 1011 damnati,
1125 983 1184 1005 nec
1201 972 1242 1005 ad
1259 971 1460 1017 pontificem
1477 976 1672 1010 Romanum

58 1028 315 1063 provocarunt,
343 1029 401 1050 nec
423 1016 464 1051 ab
486 1029 527 1051 eo
553 1016 774 1061 littera‘s‚per
792 1030 873 1061 quas
893 1018 1165 1058 restituerentur,
1185 1019 1420 1055 obtinuerunt.

204 1069 324 1101 Unum
341 1064 451 1111 potest
470 1065 570 1110 objici
588 1066 621 1098 in
638 1064 734 1099 causa
750 1064 921 1099 Athanasii
940 1066 1021 1112 Julii
1041 1065 1284 1107 testimonium,
1296 1070 1389 1112 quod
1407 1071 1440 1103 in
1459 1069 1600 1115 epistola
1611 1069 1670 1106 sua

54 1114 190 1150 videtur
207 1116 368 1154 innuere,
398 1125 467 1148 non
488 1112 614 1147 licuisse
634 1113 853 1148 orientalibus
871 1113 1090 1150 Athanasium
1114 1116 1277 1150 damnare
1301 1116 1431 1161 absque
1459 1117 1515 1153 sua
1541 1121 1670 1154 autori-

56 1175 132 1199 tate.
185 1165 274 1198 Nam
289 1163 338 1209 fi,
367 1163 498 1207 inquit,
525 1171 563 1196 ut
581 1162 705 1203 dicitis,
727 1166 856 1197 omnino
875 1166 914 1197 in
933 1165 1030 1209 culpa
1051 1167 1218 1209 fuerunt,
1246 1170 1397 1211 oportuit
1415 1168 1598 1211 secundum
1620 1175 1672 1204 cad

56 1224 172 1249 nonem
193 1221 226 1246 et
243 1224 306 1248 non
326 1211 384 1256 isto
400 1210 493 1244 modo
503 1210 672 1254 judicium
689 1212 802 1252 ferri,
831 1213 984 1254 oportuit
999 1212 1151 1253 scribere
1177 1213 1326 1247 omnibus
1351 1214 1462 1255 nobis,
1489 1226 1528 1251 ut
1552 1219 1603 1251 ita
1628 1217 1671 1252 ab

53 1259 448 1305 omnibus-,quodjustum
458 1257 808 1302 effit,decerneretur.
863 1259 905 1291 Et
928 1257 1062 1302 postea:
1090 1261 1162 1298 An,
1191 1260 1303 1303 inquit
1317 1285 1325 1299 ‚
1360 1265 1483 1309 ignari
1498 1264 1568 1309 estis
1590 1265 1674 1300 lianc

51 1309 319 1356 consuetudinem
343 1307 425 1353 effe,
442 1317 478 1341 ut
493 1308 642 1352 primum
666 1303 759 1340 nobis
778 1304 972 1350 scribatur,
1001 1315 1041 1341 ut
1065 1308 1143 1342 ltine
1169 1308 1254 1350 (hoc
1272 1307 1317 1342 est
1336 1309 1495 1356 deinceps
1524 1311 1668 1358 dehinc)

52 1359 141 1408 quod
151 1358 273 1405 justum
291 1357 343 1403 est,
362 1355 500 1396 definiri
516 1354 622 1402 poffit.
676 1354 934 1401 Qicapropterfi
952 1355 1022 1401 zstic
1046 1357 1232 1402 hujusmodi
1250 1359 1397 1404 suspicio
1426 1361 1462 1394 in
1485 1362 1674 1408 epzscopum

53 1418 210 1455 concepta
230 1409 373 1454 fuerat,
392 1405 497 1440 adhuc
521 1405 566 1438 ad
590 1403 729 1450 nostram
753 1404 910 1445 ecclefiam
938 1408 1071 1451 referri
1097 1405 1227 1442 debuit.
1279 1408 1388 1453 quue
1413 1421 1449 1443 ea
1475 1409 1569 1444 causa
1595 1409 1671 1445 fieri

52 1464 211 1504 oportere
229 1455 372 1496 indicat,
400 1454 488 1503 quod
505 1455 649 1500 episcopi
667 1452 788 1498 efflent,
814 1462 848 1487 et
866 1466 933 1489 non
953 1456 1114 1503 vulgares
1132 1456 1285 1502 ecclefiae‚
1313 1470 1395 1506 quae
1417 1459 1476 1504 ista
1491 1458 1670 1505 patieban-

53 1515 131 1544 tur3
143 1507 213 1551 <sed
228 1518 276 1543 ea,
294 1517 389 1552 quam
409 1504 466 1550 ipsi
481 1502 618 1548 apostoli
629 1503 762 1545 suamet
778 1513 878 1547 opera
897 1503 1128 1550 instruxerant
1145 1505 1312 1547 adfidcm.
1367 1508 1468 1542 Unde
1485 1505 1562 1553 post
1582 1508 1673 1543 alios*

51 1556 186 1592 multos
203 1553 374 1590 concludit
391 1556 508 1597 Lupus
527 1550 695 1596 judicium
715 1549 954 1596 episcoporum
971 1553 1170 1599 praesertim
1189 1567 1391 1601 magnarum
1409 1568 1446 1590 ac
1462 1556 1667 1602 patriarcha-

52 1598 139 1640 llum
155 1604 284 1639 sedium
304 1602 468 1637 reservari
486 1599 605 1634 debere
625 1597 696 1633 sedi
716 1598 929 1644 apostolicae.
980 1602 1076 1637 Idem
1095 1602 1291 1639 confirmari
1306 1605 1439 1640 videtur
1466 1604 1668 1642 testimoniis

53 1654 199 1690 Socratis
210 1664 241 1687 et
256 1652 455 1691 Sozomeni,
469 1651 527 1695 qui
544 1649 658 1696 ajunt,
670 1647 801 1695 Julium
823 1651 971 1695 graviter
980 1652 1226 1697 reprehendisse
1249 1654 1448 1695 orientales,
1462 1654 1554 1699 quod
1574 1655 1607 1690 se
1625 1656 1666 1690 ad

56 1702 227 1752 synodum
254 1702 397 1735 minime
412 1696 596 1735 vocassent:
626 1700 725 1735 Cum,
751 1699 880 1742 inquit,
916 1700 1126 1736 ecclefiastica
1158 1704 1275 1747 regula
1302 1704 1599 1751 ἰηιενάίίῖιιπιβῖ,
1625 1716 1668 1740 ne

51 1761 192 1800 praeter
200 1753 404 1797 sententiam
423 1750 565 1784 Romam·
582 1748 728 1794 episcopi
744 1748 921 1796 quidquam
938 1748 978 1783 ab
996 1751 1127 1795 ecclesiis
1147 1751 1395 1788 decerneretur.

188 1799 413 1846 ·Respondeo,
439 1797 571 1845 Julium
592 1809 661 1830 non
681 1796 777 1841 loqui
804 1797 843 1831 de
865 1796 896 1832 se
926 1809 985 1832 aut
1011 1798 1051 1832 de
1078 1797 1136 1832 sua
1158 1798 1342 1843 sententia;
1379 1800 1432 1836 sed
1453 1801 1494 1836 de
1511 1803 1667 1838 omnium

53 1850 312 1888 occidentalium
329 1846 502 1883 consensu.
547 1847 722 1888 <Queritur
740 1846 862 1881 [cilicet
878 1847 1053 1882 orientales
1079 1847 1297 1884 Athanasium
1315 1851 1557 1886 Alexandrinae
1570 1850 1666 1887 (sedis

54 1898 236 1937 antistitem
268 1895 336 1934 {ine
355 1894 519 1932 consensu
538 1894 798 1930 occidentalium
815 1921 823 1936 ‚
849 1898 921 1931 imo
939 1896 1004 1930 illis
1022 1896 1134 1931 insciis
1151 1897 1334 1941 damnaffe3
1352 1903 1523 1946 oportuit,
1543 1902 1668 1945 inquit.

46 1948 216 1997 scribere,
244 1960 314 1983 non
332 1947 416 1982 mihi
435 1945 516 1982 soli,
537 1944 599 1989 sed
615 1945 764 1980 omnibus
780 1944 892 1985 nobis,
921 1954 960 1980 ut
976 1948 1027 1980 ita
1039 1946 1079 1980 ab
1089 1947 1484 1995 omnibus,quodjufl·¹zm
1501 1950 1588 1995 effer,
1605 1950 1667 1984 de-

53 2008 260 2035 cerneretur.
312 1999 368 2031 An
387 1997 507 2043 ignari
523 1994 594 2038 estis
606 2019 614 2033 ,
641 1995 772 2038 inquit,
800 1996 880 2029 lianc
898 1995 1163 2040 consuetudinem
1183 1997 1255 2042 effe,
1272 2008 1310 2032 ut
1323 2001 1469 2043 primum
1483 2001 1668 2044 nobisscri-

53 2048 164 2088 batur,
177 2056 216 2082 ut
232 2045 420 2092 hinc‚quod
430 2044 555 2091 justum
572 2043 631 2089 est,
660 2043 802 2086 definiri
817 2044 917 2091 poffit.
970 2046 1050 2078 Hoc
1065 2044 1126 2084 est,
1155 2057 1191 2079 ut
1209 2046 1352 2081 ostendit
1369 2049 1467 2093 prior
1482 2048 1578 2082 locus
1590 2072 1599 2085 ,
1628 2058 1666 2082 ut

54 2097 178 2132 dehinc
197 2094 333 2130 definiri
344 2092 452 2139 poffit,
472 2091 563 2138 quod
582 2103 653 2127 turn
678 2092 914 2134 orientalibus,
942 2104 1014 2128 tum
1044 2094 1309 2130 occidental-ibus
1335 2097 1369 2129 in
1397 2098 1573 2131 communi
1597 2097 1667 2141 pla·

57 2146 175 2182 cuerit.
214 2146 278 2179 «Sic
293 2145 398 2189 igitur
415 2141 626 2187 intelligendi
643 2140 720 2177 sunt
736 2144 887 2177 Socrates
906 2153 936 2176 et
954 2145 1175 2179 Sozomenus.
1227 2147 1319 2179 Nam
1335 2145 1387 2179 illi
1410 2146 1475 2181 hoc
1492 2146 1528 2180 in
1553 2156 1667 2180 mente

59 2205 187 2230 tantum
204 2194 345 2233 habent,
357 2203 394 2226 ut
410 2191 492 2239 Julii
502 2190 697 2225 sententiam
713 2203 897 2236 exponant,
924 2204 1136 2239 quapropter
1153 2193 1228 2227 illos
1247 2206 1285 2227 ex
1303 2205 1343 2228 eo
1357 2219 1365 2234 ‚
1380 2206 1448 2229 non
1468 2207 1546 2229 eum
1570 2206 1608 2228 ex
1626 2194 1668 2228 il-

59 2242 103 2280 lis
122 2243 290 2289 explicare
315 2251 470 2290 oportet.
519 2241 571 2277 Sic
588 2251 699 2278 autem
718 2241 898 2278 orientales
914 2252 1063 2278 mentem
1088 2242 1173 2290 Julii
1193 2254 1410 2292 acceperunt,
1436 2245 1520 2280 lzanc
1535 2246 1669 2279 novita-

905 2293 936 2327 R
1531 2301 1617 2334 tem,

1262 2344 1278 2356 Δ
