2023 2760
466 725 1752 833 MONITVM

676 916 808 972 AD
880 885 1545 971 LECTOREM.

416 1123 718 1174 VAMQVAM
732 1125 944 1173 sequentes
970 1122 1258 1161 dissertationes
1283 1132 1364 1160 non
1388 1134 1437 1160 eo
1463 1120 1621 1161 consilio
1647 1121 1797 1160 fuerint
1823 1133 1930 1160 com-

442 1188 604 1238 positae,
620 1190 666 1220 ut
681 1186 721 1219 in
738 1193 859 1218 unum
867 1183 1056 1219 volumen
1072 1187 1246 1223 coirent,
1273 1195 1347 1219 nec
1367 1183 1579 1218 necessario
1597 1184 1807 1220 videantur
1823 1188 1929 1221 inter

298 1255 338 1293 se
357 1258 581 1290 connexae,
609 1244 860 1282 nihilominus
877 1248 1011 1279 tamen
1029 1254 1169 1280 omnes
1187 1249 1338 1280 tantam
1354 1244 1420 1280 fibi
1436 1249 1574 1280 mutuo
1600 1245 1724 1281 lucem
1743 1243 1928 1289 afferunt.

298 1301 346 1354 ut
362 1313 606 1352 conveniens
632 1305 756 1343 visum
774 1304 894 1341 fuerit
912 1315 979 1341 eas
997 1304 1106 1342 simul
1121 1308 1161 1343 in
1180 1307 1308 1343 lucem
1328 1308 1464 1344 emitti.
1519 1305 1692 1342 Ditturis
1715 1310 1859 1356 quippe
1880 1309 1928 1346 de

299 1374 553 1415 ecclesiastica
569 1370 728 1408 πολιτεία,
764 1369 933 1416 primum
956 1366 1029 1404 fuit
1049 1369 1340 1416 inquirendum,
1359 1379 1549 1417 quaenam
1570 1368 1662 1403 olim
1682 1367 1789 1406 foret
1806 1372 1928 1408 eccle-

298 1441 438 1478 siarum
454 1437 599 1473 forma,
627 1443 649 1468 a
668 1430 806 1479 quibus
825 1436 866 1466 et
883 1430 1079 1478 quomodo
1100 1437 1354 1480 regerentur,
1382 1430 1485 1478 quod
1512 1432 1636 1478 prima
1662 1429 1928 1471 dissertatione

299 1500 527 1553 praestitum
560 1495 627 1533 est.
680 1494 875 1541 Quoniam
911 1505 1010 1531 vero
1038 1493 1313 1530 administratio
1349 1490 1513 1540 alicujus
1545 1492 1742 1530 societatis
1767 1497 1806 1532 in
1828 1494 1930 1545 judi-

301 1567 371 1602 ciis
393 1562 604 1612 praecipue
632 1555 819 1598 consistit,
874 1556 962 1594 ideo
986 1556 1151 1594 secunda
1177 1555 1442 1592 dissertatione
1469 1553 1517 1591 de
1546 1553 1673 1590 forma
1692 1553 1927 1603 judiciorum

299 1628 382 1665 fuse
399 1624 626 1663 trattamus.
677 1619 794 1657 Hanc
811 1619 983 1668 sequitur
998 1620 1115 1655 tertia
1131 1617 1178 1654 de
1197 1619 1355 1665 antiqua
1372 1618 1800 1661 excommunicatione,
1828 1631 1928 1668 quae

300 1699 430 1738 poena
447 1685 504 1723 est
523 1696 545 1721 a
560 1682 752 1732 judicibus
770 1682 1030 1719 ecclesiasticis
1049 1679 1268 1727 infligenda.
1320 1678 1397 1716 His
1417 1677 1632 1727 praemissis
1657 1673 1928 1719 dissertationi-

300 1749 391 1790 bus,
418 1750 457 1785 in
474 1747 611 1796 quibus
629 1747 809 1792 antiquae
829 1744 1044 1791 disciplinae
1074 1741 1347 1778 ecclesiasticae
1371 1739 1624 1776 fundamenta
1649 1749 1925 1789 exponuntur,

299 1809 498 1860 pontificis
518 1805 687 1843 Romani
704 1808 892 1854 primatus
909 1804 1173 1841 dissertatione
1198 1807 1334 1851 quarta
1349 1800 1537 1837 stabilitur
1559 1807 1600 1838 et
1618 1804 1856 1851 explicatum
1884 1809 1927 1843 es:

300 1876 341 1911 in
361 1870 610 1920 sequentibus
627 1867 813 1916 quaedam
832 1868 1130 1916 praerogativae
1148 1865 1214 1914 ipfi
1230 1864 1322 1901 falso
1339 1863 1509 1899 tributae
1535 1867 1802 1903 excutiuntur.
1843 1867 1931 1904 Dis-

298 1935 515 1971 sertatione
532 1934 666 1979 quinta
683 1929 772 1978 ejus
787 1928 973 1977 judicium
992 1927 1272 1965 irreformabile
1292 1936 1372 1961 non
1392 1924 1470 1961 effe
1489 1924 1789 1965 demonstratum
1824 1927 1926 1967 Sex-

299 2000 342 2032 ta
387 1994 509 2042 ipsum
552 1993 704 2029 concilii
738 1992 933 2039 generalis
973 1991 1117 2039 judicio
1162 1987 1307 2026 subesse
1343 1987 1576 2029 ostenditur,
1630 2001 1705 2026 nec
1735 1989 1843 2038 poss'e
1871 1992 1926 2028 le-

301 2067 374 2105 ges
392 2067 413 2092 a
430 2056 603 2092 conciliis
621 2055 720 2091 latas
739 2053 963 2100 infringere.
1016 2053 1058 2088 In
1087 2052 1247 2100 septima
1273 2049 1439 2097 denique
1467 2049 1696 2095 gravissimis
1720 2063 1927 2099 argumen-

301 2121 355 2155 tis
373 2117 608 2158 ostenditur,
636 2127 710 2152 nec
726 2114 932 2151 Romanos
948 2113 1176 2162 pontifices,
1212 2123 1286 2148 nec
1310 2111 1510 2148 ecclesiam
1536 2112 1680 2150 habere
1706 2114 1822 2150 ullam
1843 2114 1926 2151 five

300 2179 486 2217 directam
498 2205 506 2220 ‚
533 2177 613 2215 five
629 2176 855 2214 indirectam
873 2178 912 2212 in
931 2176 1160 2225 temporalia
1178 2173 1449 2211 auftoritatem
1461 2199 1470 2213 ‚
1504 2184 1578 2210 nec
1601 2174 1708 2222 poffe
1726 2185 1844 2222 reges
1863 2185 1927 2212 ec-

302 2240 507 2282 clesiastica
523 2240 756 2280 auetoritate
774 2240 822 2276 de
840 2239 988 2275 throno
1006 2235 1139 2285 dejici,
1166 2240 1233 2274 aut
1251 2236 1405 2273 illorum
1420 2234 1593 2273 subditos
1618 2247 1640 2273 a
1661 2236 1738 2274 fide
1766 2240 1809 2271 et
1834 2235 1927 2271 obe-

1729 2296 1873 2333 dientia
