2023 2760
324 207 368 230 20
568 190 639 226 DE
675 187 956 232 ANTIQUA
989 185 1306 223 ECCLESIAE
1343 185 1683 223 DISCIPLINA

278 282 368 323 sem,
394 276 610 323 ut‘eolligere
629 276 707 312 licet
727 288 764 310 ex
782 275 887 322 hujus
906 272 1057 321 epistolis
1082 286 1141 319 45.
1167 285 1199 310 et
1217 286 1273 319 71.
1301 276 1454 321 itemque
1479 287 1518 310 ex
1543 272 1628 310 nais
1654 274 1790 310 concilii
1818 276 1901 311 Car·

278 327 484 377 rheginensis
513 327 572 362 sub
601 324 675 372 ipso
701 325 817 361 habiti.
869 326 938 360 His
966 324 1158 372 provinciis
1187 323 1366 373 adjunssae
1387 323 1505 372 postea
1529 322 1672 360 fuerunt
1696 324 1902 371 Tingitana,

279 384 460 418 Bizacena,
487 388 519 412 et
546 375 776 422 Tripolitana.

434 425 551 462 Africa
570 425 752 472 provincia
769 434 839 459 erat
861 422 1134 470 proconsularis,
1169 421 1267 471 cujus
1296 422 1379 459 urbs
1406 421 1610 469 metropolis
1637 433 1708 458 erat
1733 421 1905 470 Carthago

279 479 390 516 totius
417 475 553 512 Africae
572 473 788 510 occidentalis
806 485 916 519 caput.
969 476 1007 508 ln
1027 474 1167 508 caeteris
1191 469 1327 508 Africae
1350 474 1541 520 provinciis
1568 472 1776 518 metropolis
1803 473 1906 508 eccle·

277 527 405 565 fiastica
432 537 500 562 erat
525 524 616 560 ledes
644 523 785 560 senioris
810 522 971 570 episcopi.
1023 525 1119 559 Haec
1143 522 1332 570 propositio
1350 522 1467 558 multis
1482 523 1667 559 momentis
1694 521 1905 560 demonstra-

279 580 310 614 ri
336 574 458 624 potest.

434 637 464 659 1.
493 623 582 667 Quia
597 633 728 658 certum
748 619 1105 668 est,metropolitanos
1122 621 1381 668 provinciarum
1400 633 1469 657 non
1488 619 1621 667 semper
1639 619 1790 668 ejusdem
1805 620 1904 658 fuiffe

279 676 367 713 sedis
387 673 586 720 episcopm,
613 671 657 707 sic
673 671 864 707 Numidiae
883 671 1166 717 metropolitanus
1187 682 1256 706 erat
1277 671 1443 718 Cypriani
1463 674 1793 717 temporeNovatus
1810 672 1905 706 Tha-

279 722 516 770 mugadenfis,
543 722 665 757 deinde
683 732 841 766 tempore
862 721 1041 756 Caeciliani
1059 720 1220 756 secundus
1240 720 1466 766 Tiligitanus,
1501 719 1617 767 postea
1642 721 1815 768 Megalius
1841 723 1907 757 Ca.

279 772 431 811 lamenlis
451 771 563 808 etalii.
616 774 700 806 Item
729 773 919 817 Byzacenae
936 771 1233 815 Mauritaniaeque
1250 768 1413 804 Sitifensis
1434 781 1466 805 et
1493 768 1714 806 Caesareenfis
1733 770 1906 806 variarum

278 824 413 860 sedium
432 821 613 867 episcopos
631 819 769 855 diversis
788 819 1003 866 temporibus
1026 819 1176 856 habuere
1201 819 1506 866 metropolitanos,
1542 830 1580 856 ut
1605 818 1734 857 constat
1759 833 1798 856 ex
1823 818 1904 856 sub-

280 872 529 919 scriptionibus
546 867 790 906 Africanorum
808 868 1046 906 conciliorum.

435 934 468 956 2.
496 919 651 966 Idipsum
685 932 756 954 non
789 918 933 954 obscure
966 917 1103 954 testatur
1135 915 1367 964 Augustinus,
1410 930 1490 954 cum
1516 919 1649 964 quaerit
1674 932 1692 954 a
1710 919 1905 955 Profuturo

282 970 426 1018 Epistol.
443 982 521 1014 149.
539 981 629 1004 nunc
650 975 724 1012 38.,
752 967 827 1013 quis
845 967 989 1013 Megalii
1006 966 1208 1002 Calamenlis
1231 969 1266 1001 in
1287 968 1440 1013 primatu
1463 967 1623 1004 successor
1641 968 1691 1004 fit.
1742 969 1905 1016 Succqffe-

281 1033 350 1056 rem
377 1022 549 1067 primatui
572 1021 644 1065 ejus
674 1018 765 1063 noſj'e
786 1019 951 1053 volumus,
987 1027 1019 1050 et
1044 1018 1109 1060 Ep.
1139 1020 1222 1051 261.
1247 1028 1335 1050 nunc
1362 1029 1442 1059 299.
1472 1015 1516 1058 (ss
1537 1027 1647 1051 tamen
1671 1018 1741 1064 ejus
1761 1017 1806 1052 est
1825 1019 1906 1053 haee

279 1068 432 1116 epistola,
451 1079 553 1112 quam
572 1066 674 1100 multi
690 1065 813 1100 eruditi
833 1066 868 1098 in
886 1064 1031 1098 dubium
1050 1067 1229 1110 revocant)
1249 1063 1364 1099 scribit
1380 1064 1564 1099 Caelestino
1577 1064 1689 1100 Prisco
1707 1068 1906 1112 provinciae

274 1116 502 1154 Caesareensis
522 1113 687 1162 episcopo
706 1113 939 1161 episcopatum
960 1111 1022 1147 esse
1043 1111 1204 1148 relietum
1219 1138 1228 1154 ,
1264 1125 1301 1148 ea
1317 1124 1428 1148 tamen
1454 1114 1667 1158 conditione,
1684 1127 1722 1150 ut
1747 1115 1808 1162 ipsi
1835 1128 1905 1151 non

275 1177 409 1215 pateret
426 1166 538 1202 aditus
557 1164 599 1199 ad
614 1165 802 1210 primatum
820 1162 902 1197 licut
919 1163 1079 1197 caeteris.-
1110 1163 1250 1202 Clamet,
1276 1163 1388 1206 inquit
1402 1187 1411 1202 ‚
1438 1164 1570 1208 Przfius
1593 1167 1795 1211 provinciae
1823 1168 1907 1202 Cae-

267 1216 430 1266 sareenfis
451 1217 634 1262 episcopus,
661 1222 721 1247 aut
740 1211 786 1245 ad
796 1213 984 1257 primatum
1004 1212 1090 1245 locus
1099 1209 1183 1256 ficut
1197 1213 1338 1245 caeteris
1363 1219 1395 1245 et
1418 1212 1504 1245 mihi
1524 1222 1647 1257 patere
1680 1213 1817 1254 debuit,
1844 1224 1907 1250 aut

279 1269 488 1314 episcopatus
505 1263 587 1297 mihi
602 1271 775 1296 remanere
790 1272 855 1294 non
871 1258 998 1295 debuit.
1050 1259 1154 1293 Unde
1169 1258 1245 1293 luce
1261 1258 1386 1294 clarius
1404 1258 1564 1301 infertur,
1586 1261 1772 1307 primatum
1791 1264 1905 1298 omni-

278 1320 343 1354 bus
362 1311 534 1349 Africanis
554 1309 726 1356 episcopis
749 1306 907 1355 patuisse,
935 1319 995 1343 nec
1011 1306 1196 1353 metropoli
1221 1307 1315 1342 civili
1343 1320 1511 1343 annexum
1535 1307 1654 1352 spisse,
1684 1312 1904 1357 quandoqui-

280 1370 360 1405 dem
378 1358 604 1398 Caesareenfis
622 1357 755 1394 antistes
767 1383 775 1399 ‚
802 1359 864 1402 qui
882 1356 1112 1403 metropoleos
1132 1356 1239 1391 civilis
1257 1356 1436 1403 episcopus
1456 1369 1535 1398 erat,
1565 1371 1632 1394 non
1650 1363 1811 1405 privatur
1826 1363 1904 1410 jure

282 1411 541 1458 metropolitico
558 1407 772 1445 eccleliastico
783 1432 803 1466 2,
819 1406 874 1442 sed
892 1407 1000 1442 aditus
1019 1408 1048 1441 ei
1064 1407 1104 1442 ad
1120 1406 1173 1454 jus
1193 1406 1484 1452 metropoliticum
1501 1407 1751 1446 intercluditur.

426 1470 579 1521 Epistola
605 1484 700 1516 2¹7·›
718 1482 804 1517 quae
822 1481 912 1505 nunc
930 1468 975 1504 est
996 1482 1062 1514 59„
1087 1467 1217 1504 excusat
1246 1466 1280 1502 se
1297 1467 1518 1514 Augustinus,
1535 1471 1629 1515 quod
1655 1472 1697 1508 ad
1716 1473 1902 1512 concilium

277 1523 469 1561 Numidiae
487 1532 627 1558 vocatus
651 1535 671 1556 a
684 1518 886 1558 Vistorinm
913 1532 983 1555 non
1002 1521 1150 1558 venerit,
1178 1530 1218 1552 eo
1237 1517 1330 1562 quod
1347 1518 1442 1553 senex
1466 1521 1659 1568 Xantippus
1678 1524 1900 1570 Tagosenfis,

278 1572 406 1610 restius
423 1571 650 1618 Tagorensis,
676 1572 866 1618 primatum
888 1568 951 1604 fibi
969 1568 1169 1603 vindicaret:
1197 1567 1348 1613 proinde
1374 1579 1405 1603 et
1427 1568 1481 1615 jus
1507 1572 1716 1607 convocandi
1750 1573 1897 1609 concilii.

278 1624 386 1667 Quod
404 1623 426 1659 {i
444 1622 694 1668 metropolitica
708 1621 782 1668 jura
799 1619 878 1654 urbi
894 1616 1029 1653 fuissent
1049 1628 1192 1654 annexa,
1221 1616 1261 1651 de
1277 1617 1431 1662 primatu
1448 1618 1539 1653 nulla
1556 1619 1716 1666 potuiss‘ct
1733 1624 1821 1658 inter
1841 1635 1899 1659 eos

280 1672 351 1708 effe}
362 1671 560 1712 difficultas,
587 1682 666 1706 cum
693 1666 908 1705 manifestum
926 1666 1034 1704 foret,
1050 1679 1134 1712 quae
1157 1665 1242 1701 urbs
1266 1665 1343 1701 esset
1367 1668 1557 1703 Numidiae
1581 1671 1798 1718 metropolis.
1851 1676 1901 1710 Ut

279 1735 394 1758 autem
414 1721 548 1767 liquido
564 1720 690 1756 constet
706 1719 957 1755 contentionem
974 1727 1104 1752 tanturn
1127 1714 1227 1751 fuisse
1253 1715 1292 1750 de
1317 1717 1519 1762 antiquitate
1550 1720 1720 1766 episcopi,
1748 1734 1818 1757 non
1843 1734 1902 1758 au·

280 1782 349 1807 tem
369 1773 410 1807 de
426 1771 521 1806 urbis
538 1771 715 1817 dignitate,
744 1767 945 1803 consulenda
966 1765 1011 1801 est
1031 1765 1166 1802 concilii
1189 1765 1383 1801 Milevitani
1408 1769 1488 1801 anni
1515 1780 1598 1811 402.
1623 1769 1779 1806 definitio
1797 1798 1805 1813 ,
1844 1774 1899 1808 cui

276 1820 350 1868 ipse
367 1822 562 1867 Xantippus
580 1820 692 1855 aderat
709 1820 874 1865 primatus
894 1816 1083 1851 Numidiae
1099 1815 1174 1864 jure
1194 1814 1334 1855 fruens,
1372 1827 1410 1850 ut
1429 1817 1544 1853 videre
1563 1818 1608 1854 est
1625 1823 1707 1858 Can.
1739 1832 1790 1866 53,
1819 1834 1900 1857 con..

278 1871 350 1906 tilii
365 1871 472 1916 vulgo
492 1867 663 1905 Africani:
693 1870 771 1903 haec
785 1878 896 1902 autem
922 1864 1078 1901 definitio
1102 1864 1268 1912 ejusmodi
1294 1863 1339 1899 est
1362 1877 1389 1900 c.
1425 1871 1478 1909 56.
1533 1869 1675 1912 Placuit,
1700 1880 1738 1906 ut
1755 1875 1899 1919 quicum.

278 1932 340 1969 que
361 1920 511 1965 deinceps
529 1918 568 1954 ab
590 1921 746 1965 episcopis
768 1918 980 1952 ordinantur
996 1928 1064 1962 per
1079 1917 1271 1962 provincias
1288 1916 1493 1961 Africanas,
1521 1919 1653 1954 litteras
1670 1923 1842 1967 accipiant
1856 1921 1898 1957 ab

280 1968 534 2005 ordinatoribus
545 1971 617 2013 Juis
638 1980 736 2002 manu
755 1978 864 2001 eorum
884 1966 1102 2011 conscriptas,
1132 1966 1335 2002 continentes
1362 1967 1519 2009 consultu:
1545 1976 1578 2001 et
1602 1968 1690 2004 diem
1708 1995 1716 2010 ‚
1743 1980 1782 2006 ut
1807 1972 1900 2006 nulla

279 2020 459 2053 altercatio
477 2018 517 2052 de
532 2015 769 2064 posterioribus
786 2017 840 2049 vel
857 2013 1086 2049 anterioribus
1105 2017 1248 2049 oriatur.
1302 2015 1349 2048 Ex
1367 2013 1419 2048 his
1439 2015 1631 2061 intelligere
1651 2017 1706 2060 est,
1724 2031 1827 2054 totam
1846 2022 1898 2054 in-

282 2079 333 2103 ter
351 2067 531 2113 episcopos
553 2063 733 2100 Africanos
760 2065 978 2109 dignitatem,
1013 2063 1053 2098 ab
1085 2064 1282 2108 antiquitate
1313 2062 1527 2110 episcopatus
1560 2063 1660 2101 fuisse
1692 2070 1895 2114 repetitam

282 2116 476 2151 nullatenus
495 2127 606 2150 autem
624 2114 664 2148 ab
684 2114 777 2148 urbis
799 2113 1036 2158 magnitudine
1059 2124 1117 2148 aut
1136 2113 1306 2158 dignitate.
1359 2115 1536 2159 Speciatim
1557 2127 1638 2150 vero
1659 2117 1700 2151 de
1725 2119 1897 2154 Numidia

281 2167 373 2202 idem
392 2164 518 2201 constat
542 2178 578 2199 ex
599 2167 738 2199 canone
761 2175 825 2206 53.,
853 2164 885 2197 in
905 2176 973 2207 quo
994 2162 1149 2202 statutum
1168 2161 1230 2203 est,
1257 2173 1295 2199 ut
1313 2166 1506 2205 matricula,
1534 2175 1566 2200 et
1594 2167 1748 2202 arcliibus
1771 2169 1897 2202 Numi.

282 2216 361 2253 diae
377 2215 473 2265 apud
485 2218 628 2264 primam
640 2213 754 2262 sedem
769 2213 829 2261 lit,
856 2224 888 2249 et
909 2217 945 2249 in
962 2210 1134 2262 metropoli
1152 2212 1191 2249 id
1210 2212 1252 2261 est
1277 2213 1500 2263 Constantina.
1554 2218 1641 2252 Ecce
1665 2228 1814 2264 apertam
1844 2216 1896 2251 di.

1697 2266 1846 2304 ssinblio·
