1961 2718
289 232 354 273 38:-
511 224 581 261 DE
616 223 883 268 ANTIQVA
916 220 1201 259 ECCLESIAE
1237 220 1580 261 DISCIPLINA

244 311 446 351 christianos
463 313 573 349 teneri
598 313 826 350 obedientiam
850 315 889 349 in
918 312 1164 359 temporalibus
1190 309 1359 359 praestare
1390 312 1530 358 regibus
1556 324 1590 349 et
1617 312 1854 361 principibu23

247 364 356 400 allatis
376 363 466 398 enim
485 364 520 398 in
535 363 620 399 locis
635 363 811 410 potestatis
828 363 967 398 nomine
986 362 1056 398 sola
1074 362 1280 409 intelligitur
1297 359 1447 408 potestas
1464 363 1591 405 civilis,
1619 376 1688 400 non
1712 362 1859 398 ecclelia·

250 409 344 454 {lica}
373 412 444 460 ejus
465 413 556 448 enim
571 412 768 459 potestatis,
798 425 884 458 quae
902 411 1015 458 gladio
1034 413 1157 454 utitur,
1184 413 1231 447 ibi
1247 410 1284 447 fit
1303 412 1449 454 mentio,
1479 424 1564 458 quae
1587 413 1710 448 vindex
1733 410 1778 447 est
1794 411 1860 448 Dei

250 465 286 498 in
309 464 413 503 iram,
441 474 526 508 quae
546 464 708 498 timorem
725 464 866 504 incutit,
894 463 949 497 cui
968 460 1115 508 vestigal
1134 461 1276 497 debetur
1294 472 1325 495 et
1345 460 1530 497 tributum:
1559 460 1614 497 sed
1629 461 1691 497 ista
1718 460 1864 508 potestas

251 525 324 548 non
339 510 384 546 est
400 511 628 554 ecclesiastica,
657 512 710 548 sed
730 512 840 547 civilis
853 537 862 552 ,
891 523 952 546 nec
968 511 1065 547 aliter
1085 509 1190 546 sanffl
1209 522 1324 557 patres
1343 509 1558 557 potestatem,
1585 511 1627 546 de
1653 523 1718 557 qua
1748 510 1803 545 hic
1825 509 1864 545 fit

251 561 383 597 mentio
399 587 408 601 ‚
434 561 670 597 intellexerunt
687 587 695 603 ,
722 565 883 597 Irenaeus
904 560 961 598 lib.
983 573 1012 596 1.
1034 573 1061 596 c.
1087 572 1142 603 24.
1195 560 1328 595 Tertul.
1355 562 1390 595 in
1414 560 1629 607 apologetico
1646 586 1654 602 ‚
1697 559 1867 606 Origenes

251 611 311 647 lib.
326 623 367 656 9.
388 612 422 646 in
444 610 550 656 Epist.
567 611 608 646 ad
628 615 801 647 Romanos
826 610 946 646 homil.
970 623 1026 655 23.
1052 607 1194 656 August.
1219 609 1354 645 Homil.
1385 621 1441 654 31.
1470 612 1504 645 in
1527 609 1695 646 Psalmum
1724 617 1804 649 118.
1833 618 1867 643 et

251 661 312 697 lib.
331 660 373 694 de
399 660 644 696 catechizandis
662 660 823 700 rudibus,
851 672 878 696 c.
899 672 954 694 21.
974 671 1091 694 contra
1111 662 1173 706 Ep.
1193 662 1299 694 Parmv
1321 659 1378 693 lib.
1403 672 1430 693 t.
1448 672 1473 694 c.
1496 672 1527 703 7.
1556 659 1668 695 Hilar.
1699 658 1866 694 diaconus

252 712 288 745 in
308 722 380 756 cap.
404 722 457 754 13.
479 712 542 756 Ep.
561 710 600 745 ad
620 713 717 746 Rom.
735 709 830 744 Bafil.
849 707 997 745 Monast.
1018 707 1117 745 instit.
1136 721 1163 745 c.
1185 721 1240 744 22.
1259 709 1318 744 ubi
1345 710 1442 742 etiam
1470 707 1662 755 potestates,
1675 707 1867 754 spirituales

255 760 423 801 excludit·⁷
448 759 682 806 potestatibus,
711 759 838 803 inquit,
865 758 984 793 mundi
1001 770 1069 792 non
1086 758 1343 803 spiritualibus,
1372 770 1470 800 atque
1490 758 1523 792 id
1543 770 1579 791 ex
1600 759 1662 794 iis,
1699 770 1782 801 quae
1808 755 1866 791 de-

253 810 370 854 inceps
388 808 524 854 adjecit‚
567 807 761 843 declaravit,
788 818 867 840 cum
890 806 932 840 de
947 804 1080 840 tributis
1101 816 1131 839 et
1152 805 1192 838 de
1210 803 1366 849 vefflgali
1383 806 1518 841 locutus
1537 806 1598 840 est:
1629 807 1688 850 qui
1705 818 1786 841 vero
1811 805 1866 840 in-

253 858 295 893 de
312 857 480 904 probant,
509 856 736 891 obediendum
754 853 815 889 effe
833 866 902 888 non
920 864 1051 889 tantum
1069 853 1269 899 temporali,
1306 853 1362 888 sed
1385 865 1416 888 et
1439 853 1603 900 spirituali
1628 854 1801 899 potestati,
1830 854 1868 889 id

252 907 479 945 concludunt,
506 908 604 953 quia,
632 915 669 939 ut
692 904 804 948 inquit
820 903 1042 952 Symmachus
1064 904 1098 937 in
1114 901 1289 949 apologia,
1308 902 1339 948 st
1360 904 1478 937 Paulus
1499 906 1534 937 in
1559 904 1706 939 humanis
1723 905 1871 950 seipsum

252 959 355 992 etiam
369 954 512 1000 subjicit
530 956 747 1000 imperatori,
775 953 886 1001 quoad
898 953 1126 999 spiritualia,
1150 961 1263 987 tamen
1288 951 1393 987 adlmc
1416 954 1524 1000 magis
1543 952 1654 992 docet,
1688 955 1873 1000 imperato-

251 1017 323 1040 rem
336 1003 440 1049 subdi
457 1001 572 1038 debere
591 1003 815 1050 ecclefiafiicae
833 1002 1000 1049 potestati.
1051 1004 1173 1046 Itaque
1193 1014 1231 1035 ex
1251 999 1396 1046 apostoli
1410 1002 1503 1036 Pauli
1523 999 1718 1036 testimonio
1734 1001 1874 1039 constat,

253 1066 372 1089 omnes
392 1051 513 1087 debere
532 1050 594 1086 esse
611 1054 646 1087 in
665 1051 913 1098 temporalibus
933 1050 1024 1085 civili
1042 1048 1197 1096 potestati
1226 1049 1394 1098 subjers
1410 1075 1422 1089 ‚
1447 1063 1508 1086 nec
1532 1050 1572 1085 ab
1598 1062 1634 1085 ea
1658 1048 1871 1100 subjestione

254 1114 463 1149 quemquam
482 1115 546 1148 per
565 1101 776 1148 spiritualem
793 1100 991 1148 potestatem
1010 1101 1112 1135 eximi
1130 1099 1236 1146 poss'e.

403 1155 485 1188 Hoc
503 1150 615 1197 ipsum
634 1150 844 1197 profitentur
862 1148 965 1185 sanai
984 1161 1113 1196 patres,
1140 1147 1293 1196 Justinus
1313 1147 1414 1195 Apol.
1435 1161 1467 1185 2.
1520 1150 1600 1185 Non
1614 1151 1721 1196 solum
1741 1150 1873 1190 Deum·

249 1202 383 1246 inquit,
410 1201 662 1242 christianorum
680 1204 823 1236 omnium
840 1202 971 1235 nomine
994 1200 1191 1237 adoramus,
1217 1208 1249 1234 et
1272 1198 1364 1234 vobis
1390 1200 1474 1233 laeti
1498 1201 1698 1245 inservimus
1723 1203 1873 1246 impera-

250 1261 340 1287 tores
358 1264 395 1286 ac
410 1253 583 1298 principes
603 1252 767 1286 hominum
786 1251 845 1295 tffi‘
863 1249 1070 1295 profitentes.
1121 1247 1320 1283 Athanasius
1337 1246 1524 1284 Constantii
1542 1249 1758 1294 imperatoris
1780 1260 1874 1283 man·

249 1301 340 1345 'datis
359 1300 436 1333 licet
453 1299 584 1345 injustis
602 1311 723 1344 parere
740 1298 771 1332 se
790 1297 904 1332 scribit
922 1299 958 1331 in
975 1297 1192 1342 apologetico
1209 1298 1248 1331 ad
1268 1296 1390 1341 ipsum.
1417 1321 1438 1337 ‚,
1466 1300 1716 1342 Nequaquam,
1744 1299 1871 1344 inquit,

251 1374 273 1390 ‚‚
302 1347 406 1384 restiti
424 1347 592 1382 mandatis
613 1358 691 1381 tuae
708 1347 852 1391 pietatis.
884 1372 891 1379 .
922 1373 930 1380 .
959 1347 1057 1379 Certe
1074 1356 1127 1378 me
1146 1343 1359 1390 profestioni
1377 1345 1585 1380 adornabam
1597 1371 1604 1385 ‚
1633 1358 1710 1380 nam
1722 1358 1750 1380 et
1767 1346 1873 1392 hujus

253 1424 274 1441 ,.
302 1409 442 1442 quoque
461 1396 512 1431 rei
529 1395 681 1431 conscius
697 1393 742 1429 est
759 1397 967 1435 Montanus,
995 1404 1033 1428 ut
1066 1393 1186 1428 litteris
1213 1392 1278 1427 suis
1305 1395 1447 1438 acceptis
1467 1418 1475 1434 ,
1512 1392 1534 1427 fi
1561 1393 1737 1430 damnatus
1761 1393 1874 1431 fuisset

258 1472 280 1490 ,‚
309 1446 455 1482 scribere
481 1444 592 1480 statim
611 1445 823 1485 decederem,
854 1455 885 1477 et
902 1443 1182 1489 promptitudine
1199 1442 1413 1488 obsequendi
1430 1442 1629 1479 mandatum
1656 1455 1754 1480 tuum
1780 1456 1874 1479 ante-

258 1522 281 1539 „
309 1507 489 1532 verterem.
541 1497 628 1530 Non
646 1495 738 1528 enim
758 1494 804 1527 ita
823 1492 975 1530 insanio,
1004 1501 1042 1525 ut
1062 1489 1261 1536 hujusmodi
1288 1490 1455 1525 mandatis
1479 1492 1778 1528 contradicendum
1808 1505 1874 1540 pu·

256 1570 279 1585 ‚‚
306 1547 424 1581 tarim:
454 1556 523 1579 non
544 1545 634 1578 enim
657 1542 762 1577 restiti
784 1541 916 1576 decreto
932 1539 1064 1586 pietatis
1083 1549 1178 1581 tuae,
1214 1551 1322 1585 neque
1347 1539 1587 1577 Alexandriam
1612 1542 1747 1588 ingredi
1775 1554 1874 1580 cona·-

255 1618 276 1637 ‚‚
301 1595 385 1633 bor,
413 1592 575 1638 quamdiu
594 1593 628 1626 id
645 1604 707 1637 per
725 1602 818 1625 tuam
835 1591 1080 1624 humanitatem
1100 1601 1171 1623 non
1194 1587 1315 1624 licebit.

406 1641 503 1677 Osius
521 1639 748 1676 Cordubensis
765 1639 804 1674 ad
825 1638 1072 1674 Constantium.
1131 1636 1231 1675 Tibi,
1257 1638 1387 1682 inquit,
1414 1639 1696 1686 imperiumDeus
1711 1639 1880 1688 commista·

252 1692 364 1733 nobis,
392 1692 564 1739 quaesunt
578 1690 736 1739 ecclesiae,
764 1688 991 1729 concredidit,
1019 1697 1052 1724 et
1067 1686 1349 1736 quemadmodum,
1367 1691 1424 1735 qui
1445 1691 1626 1735 imperium
1642 1697 1736 1724 tuum
1755 1692 1836 1724 mati
1861 1707 1876 1715 -

255 1744 309 1779 nis
327 1743 425 1777 oculis
444 1745 576 1788 carpit,
606 1739 811 1775 contradicit
831 1739 1046 1774 ordinationi
1062 1741 1218 1777 divinae,
1248 1745 1309 1771 etc.
1364 1737 1434 1771 Hic
1451 1737 1537 1772 adde
1560 1737 1667 1772 multa
1692 1738 1756 1773 alia
1783 1737 1831 1773 tes
1845 1738 1875 1772 i-

257 1791 375 1827 monia
389 1790 605 1837 paragrapho
618 1789 829 1835 praecedenti
849 1787 1047 1834 praesertim
1065 1799 1083 1821 a
1102 1785 1200 1821 nobis
1219 1786 1367 1831 prolata:
1398 1784 1452 1821 sed
1466 1799 1506 1821 ne
1530 1787 1565 1820 in
1584 1787 1637 1821 his
1655 1786 1781 1822 diutius
1799 1785 1878 1822 hae-

258 1853 371 1878 ream,
398 1839 518 1874 addam
541 1850 671 1874 tanturn
692 1841 930 1873 Rornanorum
950 1835 1155 1882 pontificum
1171 1833 1378 1872 testimonia,
1406 1836 1466 1881 qui
1484 1834 1517 1870 se
1532 1837 1568 1870 in
1588 1835 1744 1872 civilibus
1767 1836 1878 1883 impeff

259 1889 433 1927 tatoribus
451 1888 678 1924 obedientiam
697 1887 818 1922 debere
836 1884 1010 1932 protestati
1028 1883 1114 1921 sunt.

412 1939 547 1972 Primus
567 1936 611 1972 est
631 1936 784 1972 Gelafius
804 1937 839 1970 in
859 1934 962 1981 Epist.
983 1935 1024 1969 ad
1043 1932 1247 1969 Anastafium
1267 1934 1528 1979 imperatorem,
1558 1945 1644 1979 quae
1670 1932 1716 1969 est
1739 1931 1877 1970 ostova:

263 1988 319 2028 Si,
347 1988 479 2031 inquit,
506 1996 666 2035 quantum
685 1989 837 2032 pertinet
853 1985 899 2019 ad
916 1984 1067 2020 ordinem
1083 1983 1233 2030 publicae
1253 1982 1470 2028 disciplinae,
1499 1985 1723 2031 cognoscentes
1742 1985 1879 2030 imperi-

262 2049 316 2072 um
333 2035 400 2072 tibi
407 2038 558 2081 superna
575 2034 782 2081 dispositione
803 2035 955 2068 collatum
968 2059 976 2073 ‚
1005 2033 1134 2080 legibus
1158 2035 1226 2067 tuis
1244 2031 1303 2078 ipfi
1322 2045 1445 2081 quoque
1467 2040 1593 2079 parent
1619 2034 1793 2081 religionis
1817 2044 1879 2068 an-

263 2086 404 2132 tistites,
431 2097 473 2118 ne
489 2085 542 2118 vel
559 2087 594 2118 in
611 2083 705 2119 rebus
723 2082 901 2118 mundanis
919 2083 1067 2127 exclusae
1091 2081 1276 2116 videantur
1301 2082 1440 2117 obviare
1458 2084 1658 2127 sententiae.
1712 2081 1766 2116 Sic
1791 2077 1877 2115 fate-

262 2146 319 2170 tur
344 2133 416 2170 ille,
443 2131 537 2179 ipsos
556 2132 734 2178 religionis
751 2131 911 2166 antistites
929 2133 1036 2166 teneri
1055 2130 1280 2167 obedientiam
1298 2131 1467 2180 praestare
1490 2130 1647 2178 regibus,
1672 2130 1709 2167 in
1723 2130 1777 2172 iis,
1793 2141 1879 2175 quae

262 2184 437 2231 pertinent
453 2182 495 2219 ad
511 2182 718 2230 reipublicae
734 2180 1071 2220 administrationem.

1724 2297 1826 2339 Alte·
