2022 2733
262 186 1157 243 DISSERTATIONEs-ri[STORICAE.
1183 193 1339 231 Dmm.
1363 198 1420 234 Vl'.
1557 211 1623 246 345

64 276 151 309 litae
165 285 233 310 non
251 275 426 318 definiunt.
479 278 586 312 Nulla
607 281 694 313 enim
713 280 749 312 in
768 278 878 314 verbis
898 283 1030 317 concilii
1048 293 1127 319 nota
1143 283 1298 331 adparet,
1319 296 1440 332 exrqtta
1453 285 1540 328 fidei
1558 287 1675 330 defini·

62 327 185 359 tionem
201 325 407 373 colligatum.
461 327 548 361 Nam
566 339 625 361 nec
645 329 820 362 anathema
835 335 1038 374 pronunciat
1057 335 1094 367 in
1108 346 1167 373 eos,
1186 337 1246 382 qui
1261 344 1375 368 contra
1400 337 1566 379 sentiunt,
1617 343 1676 372 nec

58 372 146 408 dicit
160 375 198 417 se
222 374 279 409 ltoc
303 374 448 422 expreffe
476 384 535 410 aut
561 380 703 423 proprie
723 376 875 418 definire,
897 389 956 414 aut
976 381 1039 426 effe
1051 382 1093 417 de
1111 383 1296 429 neceffitate
1305 384 1428 427 salutis
1444 386 1495 419 ita
1512 385 1669 427 credere,

57 423 115 456 vel
131 422 345 469 quidstmile,
373 436 413 458 ex
430 437 492 472 quo
510 426 656 471 expreffz
674 424 829 468 definitio
850 429 1039 475 colligatur.
1091 432 1167 466 Alii
1183 432 1325 479 denique
1343 433 1540 478 respondent
1562 437 1670 470 conci-

54 472 137 505 lium
156 481 293 507 eatenus
312 474 547 508 auft'orr'tatem
562 486 672 520 papae
692 477 793 520 [upra
805 478 972 511 concilium
984 478 1148 519 definire,
1175 490 1336 527 quatenus
1362 481 1400 515 id
1414 493 1456 515 ex
1473 485 1668 528 scripturis.

50 518 230 566 patribus,
257 531 291 556 et
307 525 456 570 antiquis
476 523 652 556 canonibus
670 524 843 567 mantfeste
863 527 1006 569 constare
1023 529 1183 571 censetur.
1236 529 1293 562 Ad
1309 530 1385 563 haec
1404 533 1500 570 enim,
1521 532 1667 574 fiomnia

53 568 160 604 verba
179 579 310 605 attente
334 572 586 616 expendantur,
616 573 682 603 vim
695 573 776 613 suae
793 570 1016 612 definitionis,
1059 575 1090 619 fi
1109 586 1192 621 quae
1211 576 1271 619 fit,
1323 579 1494 611 concilium
1513 589 1661 615 revocat.

51 618 211 654 Potuitne
233 619 353 656 clarius
371 631 469 662 atque
489 619 646 651 disertius
665 616 793 652 ostendi
812 618 983 654 decretum
1000 623 1127 655 Leonis
1147 625 1182 655 in
1200 624 1343 658 concilio
1362 626 1570 660 Lateranenli
1592 629 1666 662 nul·

53 665 121 701 lius
143 666 204 701 ess‘e
221 667 411 711 ponderis?
441 668 582 701 Cautior
600 665 645 701 est
664 666 904 707 Bellarminus,
933 667 989 702 sed
1010 681 1120 705 tamen
1139 670 1267 706 fatetur
1286 673 1458 708 decretum
1486 675 1572 710 istud
1591 689 1661 711 non

54 714 118 749 effe
139 715 180 749 de
204 715 288 754 fide,
315 727 346 749 et
366 716 406 749 de
423 716 567 750 concilio
586 715 797 750 Lateranensi
815 716 962 752 dubitari
980 718 1084 765 poffe,
1101 732 1215 756 utrum
1232 720 1270 756 fit
1291 723 1463 767 generale:
1517 723 1662 763 fatentes

46 776 134 810 ergo
158 763 319 799 habemus
338 764 548 801 adversarios
568 766 703 800 concilii
721 766 950 801 Lateranenfis
971 768 1024 802 [eu
1044 772 1161 815 potius
1182 773 1309 806 Leonis
1329 773 1367 806 X.
1387 773 1421 806 in
1442 775 1584 809 concilio
1599 779 1662 810 La-

49 812 214 848 teranenfi
235 813 429 848 sententiam
450 812 580 849 nostrae
600 815 683 849 nihil
700 814 936 864 praejudicare
956 819 1127 863 opinioni.
1182 822 1263 856 Hoc
1287 833 1396 856 autem
1426 824 1532 868 magis
1551 824 1662 860 adhuc

47 861 231 904 constabit,
259 862 281 897 {i
301 866 447 898 rationes
468 875 499 897 et
516 861 730 899 au‘storitates
747 864 801 898 hic
822 867 948 900 adlatae
968 869 1220 912 ponderentur:
1275 882 1312 904 ut
1339 872 1428 905 enim
1456 871 1657 909 observabat

45 911 242 952 Duvallius,
271 925 339 947 non
362 910 479 947 definit
498 913 530 946 id
551 911 727 957 pontifex,
755 913 816 948 nifi
828 927 989 959 quatenus
1000 916 1173 952 manifeste
1183 917 1355 954 constatex
1370 918 1567 966 scripturis,
1594 936 1656 969 pa.

48 960 158 996 tribus
179 973 211 996 et
231 962 392 998 conciliis,
411 974 495 1006 quae
513 962 635 1008 allegat
652 963 768 1003 nobis,
808 975 904 1010 tergo
923 967 1183 1001 examinandum
1208 968 1386 1012 relinquit,
1404 981 1520 1005 utrum
1531 971 1658 1011 constet

7 1039 12 1042 .
47 1022 109 1043 nec
128 1023 177 1045 ne.
232 1013 327 1045 Haec
343 1022 454 1045 autem
475 1024 542 1045 nou
562 1024 691 1047 tantum
712 1025 779 1047 non
799 1012 833 1057 id
850 1014 998 1059 probant
1016 1015 1207 1057 manifeste,
1262 1015 1318 1051 sed
1345 1020 1460 1052 omnia
1485 1031 1541 1055 aut
1568 1019 1651 1059 falsa>

43 1057 142 1099 suut,
194 1072 252 1094 aut
275 1074 291 1094 a
310 1059 490 1106 proposito
508 1060 625 1097 aliena}
677 1063 869 1107 Scripturae
887 1062 994 1097 sacrae
1011 1066 1195 1109 generatim
1219 1065 1375 1101 laudatur
1390 1067 1591 1110 aufiioritas,
1619 1082 1653 1107 at

0 1149 2 1152 y
43 1108 160 1143 nullus
179 1120 266 1143 extat
284 1110 394 1149 locus,
414 1110 473 1154 qui
489 1109 522 1144 id
540 1111 686 1155 probare
703 1110 866 1146 ullatenus
883 1112 999 1158 poffit‚
1027 1126 1166 1159 patrum
1186 1127 1324 1159 quoque
1351 1118 1535 1161 generatim
1565 1119 1646 1153 alle-

41 1169 168 1203 gantur
186 1156 293 1195 dista,
321 1158 376 1193 sed
395 1158 527 1194 nullum
546 1158 717 1205 speciatim
736 1158 898 1199 refertur,
934 1165 1169 1197 Romanorum
1196 1163 1400 1208 pontificum
1426 1165 1557 1201 decreta
1575 1181 1651 1202 ven-

40 1206 211 1247 ditantur,
265 1206 319 1241 sed
348 1207 480 1242 nullum
510 1207 684 1253 speciatim
711 1211 894 1254 promitur.
947 1210 1023 1256 Ipsa
1041 1212 1266 1247 conciliorum
1287 1212 1446 1248 confessio
1465 1228 1530 1260 pro
1548 1229 1648 1262 argu-

39 1267 159 1292 mento
176 1256 373 1297 adducitur,
401 1267 574 1290 attautum
592 1255 689 1293 abest,
709 1269 745 1290 ut
766 1258 907 1292 concilia
933 1260 1102 1302 generalia
1123 1260 1227 1305 supra
1246 1260 1277 1295 se
1302 1265 1473 1296 Romanos
1500 1277 1645 1308 agnove-

40 1307 111 1341 rint
126 1304 326 1351 pontifices,
381 1315 412 1338 et
430 1305 465 1337 in
482 1304 523 1336 iis
541 1304 689 1338 venerati
706 1302 837 1339 fuerint
854 1305 1052 1349 potestatem
1070 1309 1390 1346 convocandorum,
1418 1310 1645 1349 dissolvendo-

38 1366 185 1398 rumque
200 1353 434 1392 conciliorum,
455 1364 493 1387 ut
509 1351 605 1399 saepe
622 1353 711 1399 leges
729 1352 948 1399 pontificibus
967 1356 1064 1389 etiam
1082 1356 1243 1390 Romanis
1265 1358 1422 1399 tulerint,
1458 1358 1556 1405 seque
1572 1362 1649 1408 pas.

39 1403 102 1438 {im
119 1401 160 1437 ab
177 1402 444 1448 imperatoribus
465 1414 533 1436 non
553 1415 572 1437 a
590 1404 753 1437 Romanis
771 1402 994 1449 pontificibus
1013 1417 1218 1441 convocatos
1236 1404 1299 1441 esse
1319 1406 1482 1443 testificati
1495 1409 1576 1451 lint,
1607 1423 1646 1448 ut

34 1452 117 1488 alibi
139 1450 306 1487 ostensum
325 1451 379 1486 est.
433 1450 659 1486 Alexandrina
678 1451 824 1499 synodus
841 1453 1041 1495 adducitur,
1093 1467 1178 1499 quae
1205 1454 1366 1501 scripsisse
1393 1457 1517 1494 dicitur
1541 1461 1642 1496 Felici

35 1505 192 1537 Romano
208 1499 362 1547 pontifici
378 1501 565 1534 Nicaenam
584 1501 752 1547 synodum
770 1499 932 1541 statuisse,
951 1516 1019 1539 non
1042 1502 1163 1538 debere
1187 1504 1309 1550 absque
1334 1508 1478 1542 Romani
1503 1510 1646 1554 pontifi-

35 1552 84 1585 cis
105 1548 306 1585 auRoritate
326 1549 466 1584 concilia
481 1549 700 1593 congregari,
727 1547 783 1582 sed
802 1550 883 1584 haec
900 1550 1047 1597 synodus
1065 1564 1097 1587 et
1109 1552 1248 1599 epistola
1261 1554 1353 1589 illius
1372 1557 1511 1592 nornine
1529 1561 1567 1593 ad
1580 1562 1643 1594 Fe-

35 1600 136 1635 licem
154 1598 273 1644 scripta
289 1596 500 1644 supposititia
516 1597 638 1642 procul
657 1596 761 1631 dubio
779 1597 840 1639 est,
892 1610 923 1633 et
942 1600 1016 1634 talis
1034 1599 1097 1635 effe
1119 1602 1160 1636 ab
1176 1601 1250 1648 ipso
1270 1606 1419 1640 Batonio
1434 1607 1640 1651 agnoscitur.

35 1649 171 1684 Dicitur
195 1647 309 1693 postea
335 1647 448 1681 beatus
471 1649 540 1681 Leo
567 1645 736 1693 synodum
761 1646 960 1692 Ephelinam
990 1661 1020 1684 2.
1040 1650 1080 1684 ad
1101 1651 1409 1688 Chalcedonensem
1427 1655 1640 1698 transtulisse,

38 1698 113 1743 quis
132 1697 197 1731 hoc
216 1709 365 1741 unquam
386 1696 468 1731 dixit
484 1707 541 1730 aut
559 1695 669 1729 dicere
687 1696 815 1740 potuit,
865 1708 943 1731 cum
968 1697 1166 1743 Ephelinam
1185 1699 1354 1747 synodum
1372 1703 1412 1737 ab
1432 1705 1639 1749 imperatore

35 1758 255 1782 convocatam
274 1745 339 1779 sine
359 1745 425 1780 ulla
449 1745 664 1779 translatione
683 1743 811 1780 finitam
834 1743 895 1779 effe
913 1745 1054 1787 constet,
1107 1758 1139 1781 et
1162 1749 1468 1787 Chalcedonensem
1487 1754 1563 1798 post
1581 1755 1638 1789 ali-

33 1807 120 1841 quot
137 1808 243 1829 annos
263 1794 302 1829 ab
326 1795 532 1839 imperatore
554 1805 771 1828 convocatam
788 1794 848 1828 alia
868 1794 907 1828 de
923 1793 1024 1835 causa,
1037 1808 1135 1840 quam
1148 1796 1360 1842 Ephesinam.
1412 1803 1585 1838 Martinus
1597 1807 1639 1841 V.

34 1845 149 1881 fertur
170 1843 290 1878 dedisse
307 1842 503 1889 potestatem
527 1843 646 1888 legatis
666 1842 732 1877 suis
751 1844 783 1877 in
801 1843 945 1878 concilio
963 1844 1095 1879 Senenfi
1116 1845 1338 1881 transferendi
1351 1850 1640 1891 conciliummul-

36 1895 68 1930 la
84 1892 261 1929 consensus
279 1892 418 1927 concilii
437 1891 540 1937 ipsius
564 1893 738 1927 mentione
764 1892 892 1933 habita,
944 1905 976 1928 at
1004 1893 1244 1938 exsequebatur
1267 1897 1438 1932 Martinus
1470 1899 1640 1938 decretum

28 1948 196 1992 frequens
212 1941 348 1977 concilii
364 1941 640 1981 Constantienfis,
670 1941 786 1975 deinde
811 1955 878 1976 non
897 1942 1041 1981 excludit
1056 1942 1253 1979 eonsensum
1272 1946 1416 1982 concilii.
1470 1951 1513 1983 Et
1532 1962 1567 1983 re
1584 1963 1638 1984 ve-

34 2005 72 2028 ra
88 1991 261 2027 translatio
281 1990 415 2024 concilii
433 1989 584 2024 Senensis
601 1990 760 2025 Bafileam
781 1989 867 2025 faeta
885 1990 928 2024 est
940 2005 978 2025 ex
997 1991 1158 2026 consensu
1187 1994 1426 2039 deputatorum
1447 2000 1638 2038 nationum,

35 2054 73 2077 ut
94 2053 185 2087 patet
203 2053 238 2074 ex
266 2039 411 2074 exordio
438 2039 571 2074 concilii
596 2039 794 2075 Bafileenlis.
847 2040 1043 2075 Laudamur
1074 2041 1197 2076 deinde
1220 2043 1336 2088 plures
1362 2043 1498 2090 synodi,
1553 2061 1637 2092 quae

37 2089 255 2137 pontificibus
282 2089 443 2122 Romanis
472 2089 632 2123 dicuntur
655 2101 812 2134 magnam
837 2089 1019 2124 exhibuisse
1043 2093 1287 2131 reverentiam,
1339 2094 1502 2136 Ephefina
1522 2099 1636 2141 prima

35 2138 249 2176 coelestino,
278 2136 556 2172 Chalcedonensis
576 2139 684 2172 Leoni
706 2138 837 2183 primo,
864 2137 949 2172 sexta
960 2139 1122 2183 generalis
1139 2141 1332 2185 Agadnoni,
1362 2142 1502 2188 septima
1518 2146 1635 2180 Adria·

35 2200 79 2222 no
97 2190 235 2232 primo,
258 2185 376 2221 offlwa
394 2186 541 2221 Nicolao
562 2198 594 2220 et
608 2187 759 2221 Adriano
777 2190 820 2239 Hx·
873 2189 965 2229 Quid
991 2189 1090 2222 tum?
1141 2193 1193 2223 An
1221 2191 1299 2224 inde
1324 2190 1476 2235 sequitur
1499 2196 1638 2231 unicum

34 2234 232 2286 pontificem
248 2238 441 2273 Romanum
466 2236 681 2272 autoritatem
699 2235 931 2283 superomnia
947 2237 1087 2273 concilia
1104 2237 1282 2276 habentem
1302 2241 1523 2278 conciliorum
1549 2244 1637 2287 ind13

179 2304 181 2306 -
826 2288 854 2321 X
879 2298 900 2320 x
1456 2291 1584 2329 cendo-
