2022 2733
310 162 819 200 DISSERTATIONES
855 163 1226 205 HISTORICAE.
1267 170 1426 208 stsexT.
1454 176 1498 209 V.
1616 189 1686 224 297

108 255 260 310 Romane
287 249 418 310 ecclelia
446 247 560 286 fuisset
585 251 728 297 aliquid
756 251 849 288 secus
858 254 1060 302 judicatum,
1080 267 1162 293 nota
1180 260 1482 306 praevaricationis
1504 260 1582 299 effet
1601 264 1732 303 clericis

105 306 271 340 Romanis
298 300 477 337 murenda.
1721 319 1725 323 ·

203 354 272 387 His
299 351 441 408 additur
466 351 558 386 Petri
586 349 792 400 Chrysologi
819 351 1050 391 testimonium
1070 355 1162 403 epist.
1182 357 1224 394 ad
1244 360 1433 407 Eutychem
1452 371 1531 397 ante
1549 362 1732 400 concilium

100 401 310 462 Qhalcedon.
338 400 398 436 ubi
422 400 501 436 haec
527 400 638 435 habet.
691 401 883 438 Hortamur
914 413 964 445 te,
984 408 1110 451 frater
1129 407 1355 448 honorabilis,
1383 422 1420 447 ut
1437 412 1497 452 his,
1514 425 1598 460 quae
1618 426 1637 448 a
1653 412 1729 448 bea-

100 451 219 501 nffimo
243 465 338 510 Rapa
364 452 536 508 Romanae
564 453 718 508 civitatis
739 453 876 498 scripta
894 455 995 497 sunt,
1024 454 1220 491 obedienter
1237 459 1412 500 attendas,
1441 464 1521 508 quia
1541 462 1655 498 beatus
1671 460 1729 498 Pe-

98 512 187 543 trus,
207 515 264 550 qut
284 515 319 536 zn
335 512 483 548 propria
494 499 576 544 sede
594 507 686 533 vivit
702 508 736 533 et
752 501 931 545 praefidet,
955 504 1108 549 praestat
1127 507 1361 551 quaerentibus
1372 508 1462 550 fidei
1481 513 1673 545 veritatem.
1720 517 1722 519 ’

198 550 419 597 Respondeo,
455 548 548 584 aliud
580 546 625 581 est
652 547 786 582 beatum
811 551 951 583 Petrum
977 552 1154 586 veritatem
1181 552 1261 588 fidei
1289 557 1528 599 quaerentibus
1553 559 1714 604 praebere

98 600 191 636 aliud
205 599 434 635 infallibiliter
450 609 521 632 eam
541 595 726 642 praebere:
754 597 853 642 prius
871 597 912 632 de
929 600 1085 635 Romano
1103 600 1267 649 episcopo
1287 604 1368 640 dicit
1387 605 1622 654 Chrysologus
1655 585 1726 644 non.

100 650 289 699 posterius,
318 647 411 693 quod
433 657 542 680 tamen
564 657 673 679 unum
701 643 746 680 est
757 645 994 692 probandum.
1624 633 1634 647 ⁸

99 749 105 756 .
147 728 164 734 .,
198 699 354 743 Denique
381 694 545 731 Ber-nardi
574 692 813 751 'testimonium
838 696 1028 742 profertur,
1056 699 1115 744 qui
1141 698 1233 746 epist.
1261 713 1338 746 190.
1359 703 1400 739 ad
1424 706 1660 740 innocentium
1679 708 1724 742 11.

97 760 144 784 ita
160 747 326 793 loquitur.
380 746 544 793 Oportet,
572 756 701 788 mqmt,
730 745 776 780 ad
801 747 946 792 vestrum
966 751 1099 795 referri
1123 750 1340 797 apostolatu-m
1354 757 1511 801 pericula
1527 767 1672 804 quaeque
1690 764 1723 791 et

85 797 250 844 scandala
279 799 386 845 regni
409 795 499 835 Dei,
528 806 566 829 ea
585 796 799 841 praesertim,
825 808 907 844 quae
925 797 966 832 de
979 797 1050 840 fide
1070 803 1285 849 contingunt,
1313 802 1454 852 dig‘num
1471 817 1609 853 namque
1627 804 1723 839 arbi-

95 858 173 883 tror
191 847 240 882 ibi
254 845 454 894 potiffimum
473 846 639 889 resarciri
657 845 776 879 damna
790 844 897 887 fidei,
924 847 984 882 ubi
1002 860 1067 883 non
1087 848 1184 897 poffit
1199 849 1280 892 fides
1292 854 1424 897 sentire
1452 854 1636 901 defeflum,
1666 857 1721 890 cui

95 899 183 934 enim
201 898 306 932 alteri
325 895 399 941 seda
417 893 543 950 die-zum
561 892 602 934 0st
620 894 810 941 aliquandO,
839 898 942 931 oravi
956 909 1021 944 pro
1039 906 1074 933 te
1094 900 1204 940 Perre,
1223 909 1262 935 ut
1279 913 1346 936 non
1363 902 1499 944 deficiat
1511 903 1602 946 fides
1621 913 1692 939 tua.

193 943 395 1000 Respondeo
423 955 564 1000 ’pru-no,-
589 954 627 976 ex
656 955 726 977 uno
744 945 907 979 Bernardi
934 943 1089 982 officioso
1112 946 1205 983 disto
1224 948 1477 986 infallibilitatis
1492 952 1718 999 privilegium

94 998 250 1031 Romano
279 991 433 1039 pontifici
460 993 568 1026 tribui
595 1004 665 1025 non
686 991 798 1037 poss'e,
828 992 889 1028 nifi
917 995 1049 1030 accedat
1072 996 1256 1042 scripturae
1276 1004 1308 1033 et
1329 1000 1519 1036 traditionis
1538 1003 1715 1038 autoritas}

93 1046 188 1079 Nam
216 1041 339 1078 etiamst
366 1040 528 1076 constaret
555 1051 700 1081 mentem
720 1042 885 1076 Bet-nardi
907 1040 1005 1078 fuisse
1028 1045 1080 1079 his
1102 1047 1214 1080 verbis
1232 1048 1431 1093 pontificem
1452 1053 1645 1087 Romanum
1667 1053 1716 1084 in-

95 1092 275 1128 fallibilem
303 1091 514 1138 praedicare,
542 1089 644 1136 hujus
665 1091 766 1125 unius
788 1089 970 1127 austeritas
991 1093 1031 1129 ad
1050 1092 1137 1129 istud
1154 1095 1377 1144 privilegium
1395 1089 1550 1137 Romano
1599 1099 1715 1136 ontifi-

96 1145 128 1178 ci
145 1141 369 1185 adserendum
394 1141 535 1175 minime
552 1136 728 1175 sufficeret.
1570 1114 1594 1149 p

195 1191 366 1231 Secundo,
394 1202 465 1225 non
494 1189 649 1232 loquitur
672 1187 864 1223 Bernardus
892 1189 933 1224 de
949 1191 1093 1236 persona
1113 1205 1221 1239 panae
1237 1197 1401 1237 Romani,
1431 1196 1487 1232 sed
1504 1197 1544 1232 de
1562 1197 1636 1234 sede
1654 1202 1714 1235 Pe-

95 1241 158 1289 gri,
187 1253 224 1277 ac
243 1239 393 1287 proinde
421 1251 459 1272 ex
477 1235 540 1271 isto
569 1236 648 1291 loco
673 1236 815 1280 probari
838 1248 968 1273 tantum
984 1240 1097 1285 potest
1115 1245 1304 1279 Romanam
1323 1246 1492 1280 ecclesiam
1518 1258 1624 1282 totam
1642 1261 1711 1283 non

92 1289 189 1348 p-offe
211 1303 229 1325 a
252 1288 318 1323 fide
343 1285 506 1329 deficere3
532 1296 564 1320 at
591 1285 768 1320 immerito
800 1285 1017 1324 concluditur
1035 1292 1193 1326 Romano
1209 1292 1364 1339 pontifici
1383 1293 1445 1329 soli
1460 1295 1553 1331 idem
1572 1298 1712 1343 privile-

92 1352 187 1388 gium
207 1349 410 1385 competere.

192 1390 335 1429 Tertio,
363 1386 518 1433 loquitur
544 1384 736 1421 Bernardus
762 1395 971 1432 comparate,
998 1399 1068 1423 non
1094 1388 1248 1426 absolute
1276 1393 1510 1439 exaggerando
1536 1393 1713 1440 pontificis

92 1439 238 1476 Romani
255 1436 487 1474 auetoritatem
500 1461 508 1475 ‚
535 1448 600 1479 qua
618 1446 699 1474 tune
718 1447 803 1480 opus
824 1435 965 1470 habebat
981 1437 1022 1472 ad
1038 1437 1216 1475 Abaelardi
1235 1453 1369 1477 errores
1387 1442 1660 1488 proscribendos

190 1491 325 1533 Quarto
352 1485 572 1521 Innocentius
596 1497 666 1518 non
692 1485 827 1528 putavit
851 1485 932 1520 haec
958 1487 1059 1522 verba
1086 1490 1253 1525 Bernardi
1275 1491 1317 1526 ad
1339 1490 1371 1526 se
1396 1491 1507 1528 solum
1524 1495 1697 1539 pertinere

95 1550 173 1573 narn
199 1537 378 1573 Abaelardi
408 1546 557 1572 errores,
585 1533 659 1568 licet
677 1544 694 1565 a
715 1531 847 1567 duobus
869 1535 1022 1570 conciliis
1037 1536 1104 1583 jam
1124 1539 1318 1582 damnatos,
1347 1553 1415 1576 non
1437 1541 1497 1577 nisi
1515 1541 1631 1579 coasto
1647 1520 1708 1579 ite:

95 1600 172 1622 rum
183 1587 329 1622 concilio
347 1582 560 1631 proscripsit:
587 1584 658 1617 Nos
675 1584 797 1629 itaque,
816 1582 972 1628 inquitin
990 1585 1094 1632 epist,
1114 1601 1200 1633 quae
1215 1590 1306 1625 in'ter
1319 1591 1543 1626 Bernardinas
1556 1591 1599 1627 est
1613 1604 1683 1638 294

93 1639 152 1684 qui
177 1638 214 1671 in
240 1636 338 1671 Petri
363 1634 532 1672 cathedra,
555 1635 609 1668 cui
624 1641 656 1667 et
676 1631 805 1666 damino
821 1632 862 1677 est
881 1632 1022 1672 dib-ium,
1050 1645 1083 1671 et
1100 1646 1139 1672 tu
1155 1640 1336 1686 aliquando
1358 1643 1529 1687 conversus
1548 1617 1706 1684 confirm:

85 1689 220 1732 fratres
239 1685 336 1725 tuos',
366 1685 444 1719 licet
470 1681 615 1731 indigne
639 1680 778 1725 residere
811 1683 1046 1728 conspicimur,
1081 1690 1316 1723 communicato
1336 1692 1499 1735 fratrum
1523 1691 1707 1736 nostrorum

89 1734 216 1781 confilio
235 1734 396 1781 destinata
415 1731 505 1767 nohis
524 1745 543 1766 a
563 1731 671 1778 vestra
688 1730 865 1766 dileffione
883 1733 1030 1778 capitula
1049 1742 1082 1768 et
1099 1738 1256 1780 universa
1275 1738 1374 1784 ipsius
1393 1740 1490 1774 Petri
1517 1740 1707 1776 Abaelardi

86 1785 250 1832 perversa
267 1783 424 1830 dogmata
443 1794 603 1817 canonum
622 1780 827 1814 auft'oritate
847 1793 916 1815 cum
929 1782 990 1825 suo
1012 1783 1146 1819 auHore
1164 1785 1404 1823 damnavimus.
1632 1795 1635 1797 ’

73 1874 75 1880 A
118 1875 121 1879 ‚
239 1834 396 1878 Denique
414 1831 609 1866 Bernardus
627 1829 685 1864 lib.
710 1840 739 1872 3.
759 1829 951 1877 considerat.
980 1831 1020 1866 ad
1047 1835 1240 1878 Eugenium
1271 1834 1311 1870 de
1335 1838 1500 1871 Romanis
1526 1837 1701 1884 pontifici.

91 1882 173 1924 hus,
201 1894 239 1917 ut
255 1883 364 1918 errori
382 1881 536 1917 obnoxiis
553 1880 707 1927 loquitur
725 1879 919 1924 praesertim
935 1880 957 1914 l.
977 1892 1010 1923 4.
1045 1881 1154 1920 Tunc,
1181 1884 1311 1928 inquit,
1339 1885 1408 1921 tibi
1422 1888 1550 1922 licitum
1577 1891 1703 1934 censeas

85 1935 158 1979 suis
173 1933 312 1977 ecclesias
329 1933 489 1967 mutilare
508 1930 667 1970 memhris,
693 1929 899 1973 confundere
917 1930 1086 1969 ordinem,
1118 1932 1330 1979 perturbare
1355 1939 1524 1976 terminos,
1551 1950 1626 1985 quos
1642 1951 1702 1985 po-

85 1984 228 2028 suerunt
242 1992 358 2029 patres
377 1983 447 2021 tui,
466 1980 661 2027 fijustitiae
679 1977 787 2023 estjus
813 1981 928 2026 cuique
946 1981 1104 2025 servare,
1126 1982 1224 2026 suum
1251 1986 1394 2029 auferre
1413 1986 1473 2032 jus
1497 1986 1596 2032 fusto,
1624 2000 1702 2036 quo-

90 2032 180 2067 modo
196 2034 325 2078 poterit
344 2031 545 2073 convenire?
572 2030 690 2067 Erras,
699 2027 728 2074 fi
744 2036 782 2062 ut
794 2029 949 2073 summam
967 2037 1058 2064 tuam
1075 2032 1126 2065 ita
1142 2029 1184 2066 et'
1186 2034 1287 2076 solam
1304 2032 1488 2080 institutam
1503 2036 1606 2071 aDeo
1623 2040 1702 2083 vest-

91 2093 163 2117 ram
183 2081 388 2129 apostolicam
403 2079 596 2126 potestatem
615 2077 788 2123 existimas.

113 2176 119 2185 .
238 2132 285 2165 Ex
308 2127 406 2164 diei-is
424 2129 490 2176 jam
507 2127 641 2163 abunde
661 2124 795 2167 constat,
818 2139 834 2160 e
853 2126 964 2162 latinis
981 2128 1138 2173 patribus
1155 2129 1288 2166 nullum
1311 2129 1542 2169 testimonium
1560 2132 1698 2179 profer-

92 2188 131 2218 ri,
146 2190 214 2232 quo
234 2178 357 2215 diserte
371 2179 516 2216 Romani
531 2175 707 2224 pontificis
725 2174 943 2212 infallibilitas
955 2176 1128 2219 astruatur,
1156 2180 1227 2221 imo
1248 2180 1378 2217 nullum
1397 2181 1561 2228 proferri,
1588 2195 1605 2216 e
1625 2195 1695 2227 quo

94 2226 192 2273 poffit
209 2228 264 2264 illa
281 2241 343 2277 per
361 2229 550 2278 legitimam
561 2225 860 2273 consequutionem
880 2227 1012 2268 deduci,
1031 2239 1109 2263 cum
1126 2240 1208 2264 vero
1227 2230 1316 2266 inter
1328 2235 1433 2279 op'era
1450 2243 1699 2278 patrum-grae·

894 2278 917 2311 P
934 2290 958 2326 p
1205 2294 1210 2299 ·
1326 2307 1328 2309 >
1371 2301 1374 2304 -
1404 2280 1406 2283 '
1526 2292 1648 2318 corum
1670 2300 1674 2303 ·
