<?xml version="1.0" encoding="UTF-8"?>
<!DOCTYPE html PUBLIC "-//W3C//DTD XHTML 1.0 Transitional//EN"
    "http://www.w3.org/TR/xhtml1/DTD/xhtml1-transitional.dtd">
<html xmlns="http://www.w3.org/1999/xhtml" xml:lang="en" lang="en">
 <head>
  <title>
</title>
<meta http-equiv="Content-Type" content="text/html;charset=utf-8" />
  <meta name='ocr-system' content='tesseract 3.04.00' />
  <meta name='ocr-capabilities' content='ocr_page ocr_carea ocr_par ocr_line ocrx_word'/>
</head>
<body>
  <div class='ocr_page' id='page_1' title='image "./deantiquaecclesi00dupiuoft_0468.png"; bbox 0 0 1961 2718; ppageno 0'>
   <div class='ocr_carea' id='block_1_1' title="bbox 293 203 1624 254">
    <p class='ocr_par' dir='ltr' id='par_1_1' title="bbox 293 203 1624 254">
     <span class='ocr_line' id='line_1_1' title="bbox 293 203 1624 254; baseline -0.002 -9"><span class='ocrx_word' id='word_1_1' title='bbox 293 224 364 254; x_wconf 76' lang='lat'>440</span> <span class='ocrx_word' id='word_1_2' title='bbox 514 210 584 244; x_wconf 89' lang='lat' dir='ltr'>DE</span> <span class='ocrx_word' id='word_1_3' title='bbox 619 204 1230 251; x_wconf 72' lang='lat' dir='ltr'>AN&#39;rlQUA·ECCLESIAE</span> <span class='ocrx_word' id='word_1_4' title='bbox 1289 203 1624 243; x_wconf 83' lang='lat' dir='ltr'>DISCIPLINA</span> 
     </span>
    </p>
   </div>
   <div class='ocr_carea' id='block_1_2' title="bbox 241 292 1901 2027">
    <p class='ocr_par' dir='ltr' id='par_1_2' title="bbox 241 292 1901 1429">
     <span class='ocr_line' id='line_1_2' title="bbox 241 292 1901 350; baseline -0.007 -12"><span class='ocrx_word' id='word_1_5' title='bbox 241 306 314 350; x_wconf 72' lang='lat' dir='ltr'>quis</span> <span class='ocrx_word' id='word_1_6' title='bbox 327 303 390 341; x_wconf 75' lang='lat' dir='ltr'>cui,</span> <span class='ocrx_word' id='word_1_7' title='bbox 407 298 529 344; x_wconf 77' lang='lat' dir='ltr'>nescio,</span> <span class='ocrx_word' id='word_1_8' title='bbox 549 296 611 342; x_wconf 84' lang='lat' dir='ltr'>sed</span> <span class='ocrx_word' id='word_1_9' title='bbox 629 297 768 331; x_wconf 85' lang='lat' dir='ltr'>illumin</span> <span class='ocrx_word' id='word_1_10' title='bbox 788 303 947 343; x_wconf 80' lang='lat' dir='ltr'>quantum</span> <span class='ocrx_word' id='word_1_11' title='bbox 970 305 1038 328; x_wconf 82' lang='lat' dir='ltr'>mea</span> <span class='ocrx_word' id='word_1_12' title='bbox 1050 295 1087 338; x_wconf 83' lang='lat' dir='ltr'>se</span> <span class='ocrx_word' id='word_1_13' title='bbox 1105 292 1259 329; x_wconf 73' lang='lat' dir='ltr'>extendit</span> <span class='ocrx_word' id='word_1_14' title='bbox 1280 292 1436 341; x_wconf 74' lang='lat' dir='ltr'>potestas,</span> <span class='ocrx_word' id='word_1_15' title='bbox 1472 295 1784 330; x_wconf 78' lang='lat' dir='ltr'>excommunicatum</span> <span class='ocrx_word' id='word_1_16' title='bbox 1802 292 1861 329; x_wconf 78' lang='lat' dir='ltr'>de·</span> <span class='ocrx_word' id='word_1_17' title='bbox 1899 329 1901 331; x_wconf 66' lang='grc'><strong>,</strong></span> 
     </span>
     <span class='ocr_line' id='line_1_3' title="bbox 244 344 1858 391; baseline -0.006 -4"><span class='ocrx_word' id='word_1_18' title='bbox 244 354 364 387; x_wconf 73' lang='lat' dir='ltr'>nuntio</span> <span class='ocrx_word' id='word_1_19' title='bbox 377 376 385 390; x_wconf 78' lang='lat'>,</span> <span class='ocrx_word' id='word_1_20' title='bbox 413 352 618 384; x_wconf 73' lang='lat' dir='ltr'>alterutrum</span> <span class='ocrx_word' id='word_1_21' title='bbox 636 347 768 384; x_wconf 67' lang='lat' dir='ltr'>horum,</span> <span class='ocrx_word' id='word_1_22' title='bbox 799 346 954 380; x_wconf 67' lang='lat' dir='ltr'>videlicet</span> <span class='ocrx_word' id='word_1_23' title='bbox 973 355 1042 378; x_wconf 84' lang='lat' dir='ltr'>eum</span> <span class='ocrx_word' id='word_1_24' title='bbox 1055 369 1062 383; x_wconf 88' lang='lat'>,</span> <span class='ocrx_word' id='word_1_25' title='bbox 1092 347 1150 390; x_wconf 77' lang='lat' dir='ltr'>qui</span> <span class='ocrx_word' id='word_1_26' title='bbox 1167 345 1269 377; x_wconf 78' lang='lat' dir='ltr'>alteri</span> <span class='ocrx_word' id='word_1_27' title='bbox 1287 345 1479 389; x_wconf 74' lang='lat' dir='ltr'><em>injuriatur</em></span> <span class='ocrx_word' id='word_1_28' title='bbox 1496 352 1528 378; x_wconf 86' lang='lat' dir='ltr'>et</span> <span class='ocrx_word' id='word_1_29' title='bbox 1547 344 1678 389; x_wconf 77' lang='lat' dir='ltr'>absolvo</span> <span class='ocrx_word' id='word_1_30' title='bbox 1693 346 1858 391; x_wconf 75' lang='lat' dir='ltr'>injuriam</span> 
     </span>
     <span class='ocr_line' id='line_1_4' title="bbox 244 391 1859 449; baseline -0.005 -13"><span class='ocrx_word' id='word_1_31' title='bbox 244 404 445 449; x_wconf 75' lang='lat' dir='ltr'>patientem,</span> <span class='ocrx_word' id='word_1_32' title='bbox 472 407 556 444; x_wconf 75' lang='lat' dir='ltr'>quae</span> <span class='ocrx_word' id='word_1_33' title='bbox 574 404 640 430; x_wconf 86' lang='lat' dir='ltr'>tam</span> <span class='ocrx_word' id='word_1_34' title='bbox 661 394 814 440; x_wconf 76' lang='lat' dir='ltr'>damnosa</span> <span class='ocrx_word' id='word_1_35' title='bbox 831 394 873 440; x_wconf 83' lang='lat' dir='ltr'>est</span> <span class='ocrx_word' id='word_1_36' title='bbox 889 392 1138 439; x_wconf 71' lang='lat' dir='ltr'>christianitati.</span> <span class='ocrx_word' id='word_1_37' title='bbox 1192 394 1287 426; x_wconf 79' lang='lat' dir='ltr'>Haec</span> <span class='ocrx_word' id='word_1_38' title='bbox 1313 391 1507 427; x_wconf 79' lang='lat' dir='ltr'>Matthaeus</span> <span class='ocrx_word' id='word_1_39' title='bbox 1537 391 1732 428; x_wconf 77' lang='lat' dir='ltr'>Parificnfis.</span> <span class='ocrx_word' id='word_1_40' title='bbox 1794 392 1859 428; x_wconf 89' lang='lat' dir='ltr'>Sed</span> 
     </span>
     <span class='ocr_line' id='line_1_5' title="bbox 246 440 1861 495; baseline -0.006 -10"><span class='ocrx_word' id='word_1_41' title='bbox 246 462 285 487; x_wconf 89' lang='lat' dir='ltr'>ut</span> <span class='ocrx_word' id='word_1_42' title='bbox 309 449 352 484; x_wconf 88' lang='lat' dir='ltr'>ad</span> <span class='ocrx_word' id='word_1_43' title='bbox 375 444 590 495; x_wconf 82' lang='lat' dir='ltr'>propositum</span> <span class='ocrx_word' id='word_1_44' title='bbox 624 454 791 484; x_wconf 86' lang='lat' dir='ltr'>revertar,</span> <span class='ocrx_word' id='word_1_45' title='bbox 843 454 882 478; x_wconf 91' lang='lat' dir='ltr'>ut</span> <span class='ocrx_word' id='word_1_46' title='bbox 916 443 1081 489; x_wconf 79' lang='lat' dir='ltr'>majorem</span> <span class='ocrx_word' id='word_1_47' title='bbox 1125 441 1467 476; x_wconf 73' lang='lat' dir='ltr'>excommunicationi</span> <span class='ocrx_word' id='word_1_48' title='bbox 1509 453 1528 475; x_wconf 88' lang='lat' dir='ltr'>a</span> <span class='ocrx_word' id='word_1_49' title='bbox 1574 440 1607 476; x_wconf 90' lang='lat' dir='ltr'>se</span> <span class='ocrx_word' id='word_1_50' title='bbox 1641 442 1726 479; x_wconf 83' lang='lat' dir='ltr'>latae</span> <span class='ocrx_word' id='word_1_51' title='bbox 1761 453 1861 477; x_wconf 82' lang='lat' dir='ltr'>auto-</span> 
     </span>
     <span class='ocr_line' id='line_1_6' title="bbox 247 489 1859 539; baseline -0.008 -3"><span class='ocrx_word' id='word_1_52' title='bbox 247 503 380 536; x_wconf 78' lang='lat' dir='ltr'>ritatem</span> <span class='ocrx_word' id='word_1_53' title='bbox 406 494 599 533; x_wconf 82' lang='lat' dir='ltr'>conciliaret</span> <span class='ocrx_word' id='word_1_54' title='bbox 627 491 781 539; x_wconf 87' lang='lat' dir='ltr'>pontifex</span> <span class='ocrx_word' id='word_1_55' title='bbox 810 493 923 532; x_wconf 77' lang='lat' dir='ltr'>Italia,</span> <span class='ocrx_word' id='word_1_56' title='bbox 977 503 1053 526; x_wconf 86' lang='lat' dir='ltr'>cum</span> <span class='ocrx_word' id='word_1_57' title='bbox 1090 491 1124 525; x_wconf 90' lang='lat' dir='ltr'>in</span> <span class='ocrx_word' id='word_1_58' title='bbox 1161 491 1307 525; x_wconf 65' lang='lat' dir='ltr'>Galfiam</span> <span class='ocrx_word' id='word_1_59' title='bbox 1335 502 1372 529; x_wconf 80' lang='lat' dir='ltr'>ex</span> <span class='ocrx_word' id='word_1_60' title='bbox 1410 490 1507 525; x_wconf 83' lang='lat' dir='ltr'>Italia</span> <span class='ocrx_word' id='word_1_61' title='bbox 1543 489 1696 530; x_wconf 71' lang='lat' dir='ltr'>venisset,</span> <span class='ocrx_word' id='word_1_62' title='bbox 1748 492 1859 529; x_wconf 85' lang='lat' dir='ltr'>conci-</span> 
     </span>
     <span class='ocr_line' id='line_1_7' title="bbox 247 538 1860 593; baseline -0.009 -7"><span class='ocrx_word' id='word_1_63' title='bbox 247 552 334 586; x_wconf 86' lang='lat' dir='ltr'>lium</span> <span class='ocrx_word' id='word_1_64' title='bbox 361 546 525 593; x_wconf 82' lang='lat' dir='ltr'>Lugduni</span> <span class='ocrx_word' id='word_1_65' title='bbox 559 543 698 584; x_wconf 78' lang='lat' dir='ltr'>indixit,</span> <span class='ocrx_word' id='word_1_66' title='bbox 753 540 1008 587; x_wconf 54' lang='lat' dir='ltr'>quodibidem</span> <span class='ocrx_word' id='word_1_67' title='bbox 1035 539 1111 586; x_wconf 85' lang='lat' dir='ltr'>post</span> <span class='ocrx_word' id='word_1_68' title='bbox 1137 538 1256 574; x_wconf 77' lang='lat' dir='ltr'>festum</span> <span class='ocrx_word' id='word_1_69' title='bbox 1284 541 1424 587; x_wconf 83' lang='lat' dir='ltr'>Joannis</span> <span class='ocrx_word' id='word_1_70' title='bbox 1450 539 1614 586; x_wconf 82' lang='lat' dir='ltr'>Baptistae</span> <span class='ocrx_word' id='word_1_71' title='bbox 1639 551 1727 578; x_wconf 86' lang='lat' dir='ltr'>anno</span> <span class='ocrx_word' id='word_1_72' title='bbox 1756 552 1860 582; x_wconf 84' lang='lat'>1245.</span> 
     </span>
     <span class='ocr_line' id='line_1_8' title="bbox 246 588 1859 638; baseline -0.007 -4"><span class='ocrx_word' id='word_1_73' title='bbox 246 599 451 634; x_wconf 86' lang='lat' dir='ltr'>celebratum</span> <span class='ocrx_word' id='word_1_74' title='bbox 471 594 534 636; x_wconf 80' lang='lat' dir='ltr'>est3</span> <span class='ocrx_word' id='word_1_75' title='bbox 562 594 596 627; x_wconf 92' lang='lat' dir='ltr'>in</span> <span class='ocrx_word' id='word_1_76' title='bbox 610 594 725 638; x_wconf 85' lang='lat' dir='ltr'>prima</span> <span class='ocrx_word' id='word_1_77' title='bbox 740 592 873 627; x_wconf 87' lang='lat' dir='ltr'>concilii</span> <span class='ocrx_word' id='word_1_78' title='bbox 893 590 1012 637; x_wconf 80' lang='lat' dir='ltr'>hujus,</span> <span class='ocrx_word' id='word_1_79' title='bbox 1041 601 1076 624; x_wconf 91' lang='lat' dir='ltr'>ut</span> <span class='ocrx_word' id='word_1_80' title='bbox 1092 589 1302 633; x_wconf 82' lang='lat' dir='ltr'>loquuntur,</span> <span class='ocrx_word' id='word_1_81' title='bbox 1331 588 1485 627; x_wconf 82' lang='lat' dir='ltr'>seffione‚</span> <span class='ocrx_word' id='word_1_82' title='bbox 1512 590 1723 624; x_wconf 79' lang='lat' dir='ltr'>Theodorus</span> <span class='ocrx_word' id='word_1_83' title='bbox 1734 590 1859 624; x_wconf 89' lang='lat' dir='ltr'>Frede-</span> 
     </span>
     <span class='ocr_line' id='line_1_9' title="bbox 249 637 1861 694; baseline -0.007 -9"><span class='ocrx_word' id='word_1_84' title='bbox 249 650 311 687; x_wconf 85' lang='lat' dir='ltr'>rici</span> <span class='ocrx_word' id='word_1_85' title='bbox 329 656 536 694; x_wconf 80' lang='lat' dir='ltr'>procurator</span> <span class='ocrx_word' id='word_1_86' title='bbox 554 641 726 688; x_wconf 81' lang='lat' dir='ltr'>promisit,</span> <span class='ocrx_word' id='word_1_87' title='bbox 739 653 741 656; x_wconf 79' lang='grc'><strong>’</strong></span> <span class='ocrx_word' id='word_1_88' title='bbox 755 653 832 676; x_wconf 88' lang='lat' dir='ltr'>eum</span> <span class='ocrx_word' id='word_1_89' title='bbox 852 639 875 675; x_wconf 84' lang='lat' dir='ltr'>fi</span> <span class='ocrx_word' id='word_1_90' title='bbox 894 642 1064 675; x_wconf 86' lang='lat' dir='ltr'>Romanus</span> <span class='ocrx_word' id='word_1_91' title='bbox 1083 637 1239 684; x_wconf 79' lang='lat' dir='ltr'>pontifex</span> <span class='ocrx_word' id='word_1_92' title='bbox 1266 638 1365 672; x_wconf 80' lang='lat' dir='ltr'>vellet</span> <span class='ocrx_word' id='word_1_93' title='bbox 1393 638 1601 673; x_wconf 83' lang='lat' dir='ltr'>reconciliari</span> <span class='ocrx_word' id='word_1_94' title='bbox 1616 640 1794 674; x_wconf 84' lang='lat' dir='ltr'>Graeciam</span> <span class='ocrx_word' id='word_1_95' title='bbox 1817 637 1861 673; x_wconf 77' lang='lat' dir='ltr'>ad</span> 
     </span>
     <span class='ocr_line' id='line_1_10' title="bbox 246 686 1862 735; baseline -0.007 -1"><span class='ocrx_word' id='word_1_96' title='bbox 246 700 412 735; x_wconf 81' lang='lat' dir='ltr'>unitatem</span> <span class='ocrx_word' id='word_1_97' title='bbox 431 691 581 729; x_wconf 85' lang='lat' dir='ltr'>ecclesiae</span> <span class='ocrx_word' id='word_1_98' title='bbox 600 701 857 730; x_wconf 82' lang='lat' dir='ltr'>revocaturum,</span> <span class='ocrx_word' id='word_1_99' title='bbox 911 700 1033 723; x_wconf 89' lang='lat' dir='ltr'>terram</span> <span class='ocrx_word' id='word_1_100' title='bbox 1060 686 1204 722; x_wconf 68' lang='lat' dir='ltr'>sanstam</span> <span class='ocrx_word' id='word_1_101' title='bbox 1229 699 1508 732; x_wconf 76' lang='lat' dir='ltr'>recuperaturum</span> <span class='ocrx_word' id='word_1_102' title='bbox 1522 712 1530 724; x_wconf 88' lang='lat'>‚</span> <span class='ocrx_word' id='word_1_103' title='bbox 1559 699 1590 722; x_wconf 90' lang='lat' dir='ltr'>et</span> <span class='ocrx_word' id='word_1_104' title='bbox 1613 688 1719 722; x_wconf 82' lang='lat' dir='ltr'>ablata</span> <span class='ocrx_word' id='word_1_105' title='bbox 1737 691 1862 726; x_wconf 82' lang='lat' dir='ltr'>Roma-</span> 
     </span>
     <span class='ocr_line' id='line_1_11' title="bbox 248 735 1865 784; baseline -0.008 0"><span class='ocrx_word' id='word_1_106' title='bbox 248 761 309 784; x_wconf 81' lang='lat' dir='ltr'>nae</span> <span class='ocrx_word' id='word_1_107' title='bbox 328 744 475 782; x_wconf 74' lang='lat' dir='ltr'>ecclefiae</span> <span class='ocrx_word' id='word_1_108' title='bbox 494 741 732 781; x_wconf 72' lang='lat' dir='ltr'>redditurum3</span> <span class='ocrx_word' id='word_1_109' title='bbox 784 737 989 784; x_wconf 73' lang='lat' dir='ltr'>fidejussores</span> <span class='ocrx_word' id='word_1_110' title='bbox 1015 737 1116 782; x_wconf 82' lang='lat' dir='ltr'>hujus</span> <span class='ocrx_word' id='word_1_111' title='bbox 1141 736 1296 782; x_wconf 83' lang='lat' dir='ltr'>promissi</span> <span class='ocrx_word' id='word_1_112' title='bbox 1324 735 1469 772; x_wconf 80' lang='lat' dir='ltr'>offerens</span> <span class='ocrx_word' id='word_1_113' title='bbox 1490 738 1649 771; x_wconf 85' lang='lat' dir='ltr'>Franciae</span> <span class='ocrx_word' id='word_1_114' title='bbox 1668 749 1699 772; x_wconf 90' lang='lat' dir='ltr'>et</span> <span class='ocrx_word' id='word_1_115' title='bbox 1720 736 1865 782; x_wconf 78' lang='lat' dir='ltr'>Angliae</span> 
     </span>
     <span class='ocr_line' id='line_1_12' title="bbox 251 783 1864 844; baseline -0.007 -16"><span class='ocrx_word' id='word_1_116' title='bbox 251 808 371 844; x_wconf 76' lang='lat' dir='ltr'>reges3</span> <span class='ocrx_word' id='word_1_117' title='bbox 411 805 444 829; x_wconf 77' lang='lat' dir='ltr'>at</span> <span class='ocrx_word' id='word_1_118' title='bbox 475 788 632 838; x_wconf 84' lang='lat' dir='ltr'>pontifex</span> <span class='ocrx_word' id='word_1_119' title='bbox 651 786 866 834; x_wconf 47' lang='lat' dir='ltr'>promissum,</span> <span class='ocrx_word' id='word_1_120' title='bbox 890 785 977 820; x_wconf 83' lang='lat' dir='ltr'>istud</span> <span class='ocrx_word' id='word_1_121' title='bbox 994 784 1087 818; x_wconf 84' lang='lat' dir='ltr'>velut</span> <span class='ocrx_word' id='word_1_122' title='bbox 1109 784 1300 819; x_wconf 87' lang='lat' dir='ltr'>illusorium</span> <span class='ocrx_word' id='word_1_123' title='bbox 1319 785 1440 830; x_wconf 81' lang='lat' dir='ltr'>rejecit.</span> <span class='ocrx_word' id='word_1_124' title='bbox 1493 784 1638 819; x_wconf 75' lang='lat' dir='ltr'>senione</span> <span class='ocrx_word' id='word_1_125' title='bbox 1658 798 1688 822; x_wconf 87' lang='lat'>2.</span> <span class='ocrx_word' id='word_1_126' title='bbox 1708 783 1864 831; x_wconf 77' lang='lat' dir='ltr'>pontifex</span> 
     </span>
     <span class='ocr_line' id='line_1_13' title="bbox 253 830 1864 884; baseline -0.008 -1"><span class='ocrx_word' id='word_1_127' title='bbox 253 847 369 883; x_wconf 77' lang='lat' dir='ltr'>habita</span> <span class='ocrx_word' id='word_1_128' title='bbox 387 845 541 879; x_wconf 85' lang='lat' dir='ltr'>oratione</span> <span class='ocrx_word' id='word_1_129' title='bbox 560 837 635 884; x_wconf 89' lang='lat' dir='ltr'>post</span> <span class='ocrx_word' id='word_1_130' title='bbox 651 837 715 871; x_wconf 82' lang='lat' dir='ltr'>alia</span> <span class='ocrx_word' id='word_1_131' title='bbox 731 836 840 882; x_wconf 82' lang='lat' dir='ltr'>capita</span> <span class='ocrx_word' id='word_1_132' title='bbox 859 835 894 869; x_wconf 89' lang='lat' dir='ltr'>in</span> <span class='ocrx_word' id='word_1_133' title='bbox 917 832 1135 868; x_wconf 83' lang='lat' dir='ltr'>Fredericum</span> <span class='ocrx_word' id='word_1_134' title='bbox 1157 832 1274 868; x_wconf 89' lang='lat' dir='ltr'>multis</span> <span class='ocrx_word' id='word_1_135' title='bbox 1294 830 1446 868; x_wconf 70' lang='lat' dir='ltr'>inveElus</span> <span class='ocrx_word' id='word_1_136' title='bbox 1475 831 1539 870; x_wconf 88' lang='lat' dir='ltr'>est,</span> <span class='ocrx_word' id='word_1_137' title='bbox 1577 845 1723 877; x_wconf 83' lang='lat' dir='ltr'>euinque</span> <span class='ocrx_word' id='word_1_138' title='bbox 1751 836 1864 870; x_wconf 81' lang='lat' dir='ltr'>haere-</span> 
     </span>
     <span class='ocr_line' id='line_1_14' title="bbox 251 881 1865 934; baseline -0.01 -1"><span class='ocrx_word' id='word_1_139' title='bbox 251 897 325 932; x_wconf 88' lang='lat' dir='ltr'>seos</span> <span class='ocrx_word' id='word_1_140' title='bbox 347 906 378 929; x_wconf 92' lang='lat' dir='ltr'>et</span> <span class='ocrx_word' id='word_1_141' title='bbox 395 889 558 934; x_wconf 85' lang='lat' dir='ltr'>sacrilegii</span> <span class='ocrx_word' id='word_1_142' title='bbox 577 898 608 922; x_wconf 92' lang='lat' dir='ltr'>et</span> <span class='ocrx_word' id='word_1_143' title='bbox 626 884 772 933; x_wconf 84' lang='lat' dir='ltr'>perjurii</span> <span class='ocrx_word' id='word_1_144' title='bbox 787 882 967 921; x_wconf 86' lang='lat' dir='ltr'>accusavit,</span> <span class='ocrx_word' id='word_1_145' title='bbox 994 882 1057 917; x_wconf 85' lang='lat' dir='ltr'>alia</span> <span class='ocrx_word' id='word_1_146' title='bbox 1075 881 1214 928; x_wconf 83' lang='lat' dir='ltr'>insuper</span> <span class='ocrx_word' id='word_1_147' title='bbox 1232 881 1358 916; x_wconf 86' lang='lat' dir='ltr'>addens</span> <span class='ocrx_word' id='word_1_148' title='bbox 1373 883 1532 922; x_wconf 85' lang='lat' dir='ltr'>crimina,</span> <span class='ocrx_word' id='word_1_149' title='bbox 1562 882 1655 926; x_wconf 85' lang='lat' dir='ltr'>quod</span> <span class='ocrx_word' id='word_1_150' title='bbox 1681 881 1802 918; x_wconf 85' lang='lat' dir='ltr'>scilicet</span> <span class='ocrx_word' id='word_1_151' title='bbox 1818 883 1865 918; x_wconf 79' lang='lat' dir='ltr'>ci-</span> 
     </span>
     <span class='ocr_line' id='line_1_15' title="bbox 251 930 1866 980; baseline -0.007 0"><span class='ocrx_word' id='word_1_152' title='bbox 251 948 390 980; x_wconf 84' lang='lat' dir='ltr'>vitatem</span> <span class='ocrx_word' id='word_1_153' title='bbox 410 950 531 975; x_wconf 86' lang='lat' dir='ltr'>novam</span> <span class='ocrx_word' id='word_1_154' title='bbox 550 933 800 972; x_wconf 74' lang='lat' dir='ltr'>construxisset,</span> <span class='ocrx_word' id='word_1_155' title='bbox 828 945 929 979; x_wconf 84' lang='lat' dir='ltr'>quam</span> <span class='ocrx_word' id='word_1_156' title='bbox 944 933 1113 967; x_wconf 77' lang='lat' dir='ltr'>Saracenis</span> <span class='ocrx_word' id='word_1_157' title='bbox 1132 931 1377 978; x_wconf 84' lang='lat' dir='ltr'>populaverat,</span> <span class='ocrx_word' id='word_1_158' title='bbox 1405 932 1498 976; x_wconf 87' lang='lat' dir='ltr'>quod</span> <span class='ocrx_word' id='word_1_159' title='bbox 1510 930 1775 967; x_wconf 81' lang='lat' dir='ltr'>familiaritatem</span> <span class='ocrx_word' id='word_1_160' title='bbox 1786 942 1866 968; x_wconf 85' lang='lat' dir='ltr'>cum</span> 
     </span>
     <span class='ocr_line' id='line_1_16' title="bbox 251 980 1868 1037; baseline -0.01 -7"><span class='ocrx_word' id='word_1_161' title='bbox 251 993 399 1031; x_wconf 83' lang='lat' dir='ltr'>Soldano</span> <span class='ocrx_word' id='word_1_162' title='bbox 409 988 615 1037; x_wconf 77' lang='lat' dir='ltr'>Babyloniae</span> <span class='ocrx_word' id='word_1_163' title='bbox 633 983 859 1022; x_wconf 77' lang='lat' dir='ltr'>contraxisset,</span> <span class='ocrx_word' id='word_1_164' title='bbox 885 982 980 1028; x_wconf 90' lang='lat' dir='ltr'>quod</span> <span class='ocrx_word' id='word_1_165' title='bbox 998 981 1181 1017; x_wconf 81' lang='lat' dir='ltr'>concubitu</span> <span class='ocrx_word' id='word_1_166' title='bbox 1199 982 1468 1016; x_wconf 66' lang='lat' dir='ltr'>Saraceni-carum</span> <span class='ocrx_word' id='word_1_167' title='bbox 1496 980 1778 1018; x_wconf 84' lang='lat' dir='ltr'>muliercularum</span> <span class='ocrx_word' id='word_1_168' title='bbox 1802 983 1868 1017; x_wconf 83' lang='lat' dir='ltr'>im.</span> 
     </span>
     <span class='ocr_line' id='line_1_17' title="bbox 249 1029 1872 1092; baseline -0.009 -13"><span class='ocrx_word' id='word_1_169' title='bbox 249 1043 419 1092; x_wconf 82' lang='lat' dir='ltr'>pudenter</span> <span class='ocrx_word' id='word_1_170' title='bbox 438 1038 662 1086; x_wconf 81' lang='lat' dir='ltr'>pollueretur.</span> <span class='ocrx_word' id='word_1_171' title='bbox 716 1034 769 1069; x_wconf 90' lang='lat' dir='ltr'>Ad</span> <span class='ocrx_word' id='word_1_172' title='bbox 787 1034 868 1069; x_wconf 83' lang='lat' dir='ltr'>haec</span> <span class='ocrx_word' id='word_1_173' title='bbox 888 1031 1064 1078; x_wconf 74' lang='lat' dir='ltr'>respondit</span> <span class='ocrx_word' id='word_1_174' title='bbox 1082 1030 1289 1067; x_wconf 81' lang='lat' dir='ltr'>Thaddaeus</span> <span class='ocrx_word' id='word_1_175' title='bbox 1306 1030 1524 1066; x_wconf 79' lang='lat' dir='ltr'>Frederieum</span> <span class='ocrx_word' id='word_1_176' title='bbox 1537 1029 1714 1066; x_wconf 80' lang='lat' dir='ltr'>haereseos</span> <span class='ocrx_word' id='word_1_177' title='bbox 1726 1032 1872 1070; x_wconf 56' lang='lat' dir='ltr'>convinq</span> 
     </span>
     <span class='ocr_line' id='line_1_18' title="bbox 249 1078 1874 1138; baseline -0.01 -8"><span class='ocrx_word' id='word_1_178' title='bbox 249 1096 281 1130; x_wconf 83' lang='lat' dir='ltr'>ei</span> <span class='ocrx_word' id='word_1_179' title='bbox 300 1105 372 1128; x_wconf 90' lang='lat' dir='ltr'>non</span> <span class='ocrx_word' id='word_1_180' title='bbox 389 1088 496 1138; x_wconf 81' lang='lat' dir='ltr'>posse,</span> <span class='ocrx_word' id='word_1_181' title='bbox 522 1087 546 1123; x_wconf 87' lang='lat' dir='ltr'>fi</span> <span class='ocrx_word' id='word_1_182' title='bbox 565 1085 638 1134; x_wconf 88' lang='lat' dir='ltr'>ipse</span> <span class='ocrx_word' id='word_1_183' title='bbox 655 1081 792 1122; x_wconf 78' lang='lat' dir='ltr'>adesset,</span> <span class='ocrx_word' id='word_1_184' title='bbox 819 1094 902 1118; x_wconf 85' lang='lat' dir='ltr'>voce</span> <span class='ocrx_word' id='word_1_185' title='bbox 918 1081 1019 1117; x_wconf 82' lang='lat' dir='ltr'>fidem</span> <span class='ocrx_word' id='word_1_186' title='bbox 1039 1083 1130 1116; x_wconf 76' lang='lat' dir='ltr'>suam</span> <span class='ocrx_word' id='word_1_187' title='bbox 1149 1078 1401 1128; x_wconf 81' lang='lat' dir='ltr'>professurum,</span> <span class='ocrx_word' id='word_1_188' title='bbox 1444 1081 1515 1127; x_wconf 82' lang='lat' dir='ltr'>ejus</span> <span class='ocrx_word' id='word_1_189' title='bbox 1541 1090 1624 1115; x_wconf 79' lang='lat' dir='ltr'>vero</span> <span class='ocrx_word' id='word_1_190' title='bbox 1641 1081 1874 1133; x_wconf 27' lang='lat' dir='ltr'>orthodoxia,</span> 
     </span>
     <span class='ocr_line' id='line_1_19' title="bbox 251 1129 1871 1190; baseline -0.01 -11"><span class='ocrx_word' id='word_1_191' title='bbox 251 1142 431 1190; x_wconf 83' lang='lat' dir='ltr'>probabile</span> <span class='ocrx_word' id='word_1_192' title='bbox 456 1147 697 1185; x_wconf 84' lang='lat' dir='ltr'>argumentum</span> <span class='ocrx_word' id='word_1_193' title='bbox 715 1132 798 1172; x_wconf 81' lang='lat' dir='ltr'>esse,</span> <span class='ocrx_word' id='word_1_194' title='bbox 833 1132 929 1178; x_wconf 85' lang='lat' dir='ltr'>quod</span> <span class='ocrx_word' id='word_1_195' title='bbox 955 1130 1131 1167; x_wconf 84' lang='lat' dir='ltr'>usurarios</span> <span class='ocrx_word' id='word_1_196' title='bbox 1157 1132 1191 1166; x_wconf 88' lang='lat' dir='ltr'>in</span> <span class='ocrx_word' id='word_1_197' title='bbox 1219 1143 1325 1177; x_wconf 82' lang='lat' dir='ltr'>regno</span> <span class='ocrx_word' id='word_1_198' title='bbox 1349 1129 1409 1166; x_wconf 86' lang='lat' dir='ltr'>suo</span> <span class='ocrx_word' id='word_1_199' title='bbox 1425 1143 1493 1165; x_wconf 86' lang='lat' dir='ltr'>non</span> <span class='ocrx_word' id='word_1_200' title='bbox 1512 1129 1678 1165; x_wconf 83' lang='lat' dir='ltr'>toleraret.</span> <span class='ocrx_word' id='word_1_201' title='bbox 1731 1131 1772 1166; x_wconf 87' lang='lat' dir='ltr'>ln</span> <span class='ocrx_word' id='word_1_202' title='bbox 1789 1131 1871 1171; x_wconf 74' lang='grc' dir='ltr'><em>Ιιοσῖ,</em></span> 
     </span>
     <span class='ocr_line' id='line_1_20' title="bbox 250 1180 1869 1239; baseline -0.008 -10"><span class='ocrx_word' id='word_1_203' title='bbox 250 1194 364 1239; x_wconf 77' lang='lat' dir='ltr'>inquit</span> <span class='ocrx_word' id='word_1_204' title='bbox 378 1186 592 1228; x_wconf 64' lang='lat' dir='ltr'>Matthaeus]</span> <span class='ocrx_word' id='word_1_205' title='bbox 619 1187 745 1222; x_wconf 77' lang='lat' dir='ltr'>curiam</span> <span class='ocrx_word' id='word_1_206' title='bbox 765 1185 946 1219; x_wconf 82' lang='lat' dir='ltr'>Romanam</span> <span class='ocrx_word' id='word_1_207' title='bbox 964 1181 1230 1229; x_wconf 75' lang='lat' dir='ltr'>reprehendens,</span> <span class='ocrx_word' id='word_1_208' title='bbox 1269 1193 1364 1228; x_wconf 83' lang='lat' dir='ltr'>quam</span> <span class='ocrx_word' id='word_1_209' title='bbox 1390 1180 1514 1227; x_wconf 83' lang='lat' dir='ltr'>constat</span> <span class='ocrx_word' id='word_1_210' title='bbox 1537 1181 1593 1214; x_wconf 84' lang='lat' dir='ltr'>lzoc</span> <span class='ocrx_word' id='word_1_211' title='bbox 1617 1182 1702 1214; x_wconf 82' lang='lat' dir='ltr'>vitio</span> <span class='ocrx_word' id='word_1_212' title='bbox 1725 1183 1869 1216; x_wconf 74' lang='lat' dir='ltr'>maxime</span> 
     </span>
     <span class='ocr_line' id='line_1_21' title="bbox 251 1229 1871 1280; baseline -0.01 -1"><span class='ocrx_word' id='word_1_213' title='bbox 251 1243 466 1279; x_wconf 85' lang='lat' dir='ltr'>laborantem.</span> <span class='ocrx_word' id='word_1_214' title='bbox 520 1237 575 1272; x_wconf 84' lang='lat' dir='ltr'>Ad</span> <span class='ocrx_word' id='word_1_215' title='bbox 594 1236 658 1271; x_wconf 87' lang='lat' dir='ltr'>alia</span> <span class='ocrx_word' id='word_1_216' title='bbox 677 1231 807 1280; x_wconf 61' lang='lat' dir='ltr'>objefi’ca</span> <span class='ocrx_word' id='word_1_217' title='bbox 831 1231 982 1268; x_wconf 82' lang='lat' dir='ltr'>{imiliter</span> <span class='ocrx_word' id='word_1_218' title='bbox 1010 1229 1191 1277; x_wconf 87' lang='lat' dir='ltr'>respondet</span> <span class='ocrx_word' id='word_1_219' title='bbox 1217 1230 1442 1270; x_wconf 86' lang='lat' dir='ltr'>Thaddaeus,</span> <span class='ocrx_word' id='word_1_220' title='bbox 1477 1229 1739 1273; x_wconf 75' lang='lat' dir='ltr'>dilationemque</span> <span class='ocrx_word' id='word_1_221' title='bbox 1764 1231 1871 1274; x_wconf 82' lang='lat' dir='ltr'>petit..</span> 
     </span>
     <span class='ocr_line' id='line_1_22' title="bbox 251 1276 1873 1336; baseline -0.008 -9"><span class='ocrx_word' id='word_1_222' title='bbox 251 1304 288 1327; x_wconf 93' lang='lat' dir='ltr'>ut</span> <span class='ocrx_word' id='word_1_223' title='bbox 308 1288 510 1336; x_wconf 82' lang='lat' dir='ltr'>imperatori</span> <span class='ocrx_word' id='word_1_224' title='bbox 526 1287 686 1321; x_wconf 83' lang='lat' dir='ltr'>nunciare</span> <span class='ocrx_word' id='word_1_225' title='bbox 704 1281 830 1329; x_wconf 77' lang='lat' dir='ltr'>poiser,</span> <span class='ocrx_word' id='word_1_226' title='bbox 859 1282 994 1327; x_wconf 86' lang='lat' dir='ltr'>negavit</span> <span class='ocrx_word' id='word_1_227' title='bbox 1011 1279 1098 1316; x_wconf 81' lang='lat' dir='ltr'>istud</span> <span class='ocrx_word' id='word_1_228' title='bbox 1119 1281 1236 1325; x_wconf 85' lang='lat' dir='ltr'>primo</span> <span class='ocrx_word' id='word_1_229' title='bbox 1254 1277 1410 1325; x_wconf 82' lang='lat' dir='ltr'>pontifex</span> <span class='ocrx_word' id='word_1_230' title='bbox 1431 1278 1556 1312; x_wconf 83' lang='lat' dir='ltr'>addens</span> <span class='ocrx_word' id='word_1_231' title='bbox 1569 1305 1576 1318; x_wconf 91' lang='lat'>,</span> <span class='ocrx_word' id='word_1_232' title='bbox 1605 1277 1627 1312; x_wconf 76' lang='lat' dir='ltr'>si</span> <span class='ocrx_word' id='word_1_233' title='bbox 1648 1280 1778 1313; x_wconf 81' lang='lat' dir='ltr'>veniiet</span> <span class='ocrx_word' id='word_1_234' title='bbox 1802 1276 1873 1314; x_wconf 75' lang='lat' dir='ltr'>sta·-</span> 
     </span>
     <span class='ocr_line' id='line_1_23' title="bbox 253 1327 1872 1376; baseline -0.016 0"><span class='ocrx_word' id='word_1_235' title='bbox 253 1343 314 1376; x_wconf 89' lang='lat' dir='ltr'>tim</span> <span class='ocrx_word' id='word_1_236' title='bbox 332 1337 524 1374; x_wconf 87' lang='lat' dir='ltr'>recederem</span> <span class='ocrx_word' id='word_1_237' title='bbox 536 1361 544 1375; x_wconf 88' lang='lat'>,</span> <span class='ocrx_word' id='word_1_238' title='bbox 571 1334 624 1369; x_wconf 91' lang='lat' dir='ltr'>sed</span> <span class='ocrx_word' id='word_1_239' title='bbox 647 1332 805 1375; x_wconf 88' lang='lat' dir='ltr'>sequente</span> <span class='ocrx_word' id='word_1_240' title='bbox 823 1331 880 1365; x_wconf 84' lang='lat' dir='ltr'>die</span> <span class='ocrx_word' id='word_1_241' title='bbox 898 1328 1094 1374; x_wconf 87' lang='lat' dir='ltr'>compulsus</span> <span class='ocrx_word' id='word_1_242' title='bbox 1114 1327 1159 1362; x_wconf 91' lang='lat' dir='ltr'>est</span> <span class='ocrx_word' id='word_1_243' title='bbox 1174 1328 1216 1362; x_wconf 87' lang='lat' dir='ltr'>ad</span> <span class='ocrx_word' id='word_1_244' title='bbox 1241 1330 1441 1373; x_wconf 86' lang='lat' dir='ltr'>petitionem</span> <span class='ocrx_word' id='word_1_245' title='bbox 1460 1339 1726 1372; x_wconf 76' lang='lat' dir='ltr'>procuratorum</span> <span class='ocrx_word' id='word_1_246' title='bbox 1744 1339 1872 1373; x_wconf 67' lang='lat' dir='ltr'>regum,</span> 
     </span>
     <span class='ocr_line' id='line_1_24' title="bbox 249 1376 1869 1429; baseline -0.014 -3"><span class='ocrx_word' id='word_1_247' title='bbox 249 1390 412 1426; x_wconf 76' lang='lat' dir='ltr'>Franciae</span> <span class='ocrx_word' id='word_1_248' title='bbox 431 1396 463 1420; x_wconf 88' lang='lat' dir='ltr'>et</span> <span class='ocrx_word' id='word_1_249' title='bbox 480 1383 622 1429; x_wconf 83' lang='lat' dir='ltr'>Angliae</span> <span class='ocrx_word' id='word_1_250' title='bbox 642 1381 787 1416; x_wconf 80' lang='lat' dir='ltr'>duarum</span> <span class='ocrx_word' id='word_1_251' title='bbox 804 1378 1095 1414; x_wconf 84' lang='lat' dir='ltr'>hebdomadarum</span> <span class='ocrx_word' id='word_1_252' title='bbox 1113 1376 1264 1410; x_wconf 86' lang='lat' dir='ltr'>inducias</span> <span class='ocrx_word' id='word_1_253' title='bbox 1290 1376 1482 1410; x_wconf 86' lang='lat' dir='ltr'>concedere.</span> <span class='ocrx_word' id='word_1_254' title='bbox 1523 1381 1526 1383; x_wconf 85' lang='lat'>&#39;</span> <span class='ocrx_word' id='word_1_255' title='bbox 1867 1396 1869 1398; x_wconf 89' lang='lat'>-</span> 
     </span>
    </p>

    <p class='ocr_par' dir='ltr' id='par_1_3' title="bbox 249 1423 1874 2027">
     <span class='ocr_line' id='line_1_25' title="bbox 402 1423 1866 1479; baseline -0.009 -8"><span class='ocrx_word' id='word_1_256' title='bbox 402 1440 446 1471; x_wconf 80' lang='lat' dir='ltr'>At</span> <span class='ocrx_word' id='word_1_257' title='bbox 464 1436 649 1479; x_wconf 84' lang='lat' dir='ltr'>imperator</span> <span class='ocrx_word' id='word_1_258' title='bbox 663 1441 801 1464; x_wconf 87' lang='lat' dir='ltr'>cernens</span> <span class='ocrx_word' id='word_1_259' title='bbox 819 1427 1072 1462; x_wconf 83' lang='lat' dir='ltr'>damnationem</span> <span class='ocrx_word' id='word_1_260' title='bbox 1091 1424 1183 1460; x_wconf 83' lang='lat' dir='ltr'>sunm</span> <span class='ocrx_word' id='word_1_261' title='bbox 1202 1425 1302 1459; x_wconf 84' lang='lat' dir='ltr'>vitari</span> <span class='ocrx_word' id='word_1_262' title='bbox 1321 1437 1390 1460; x_wconf 89' lang='lat' dir='ltr'>non</span> <span class='ocrx_word' id='word_1_263' title='bbox 1409 1423 1503 1469; x_wconf 84' lang='lat' dir='ltr'>posse</span> <span class='ocrx_word' id='word_1_264' title='bbox 1520 1437 1579 1459; x_wconf 91' lang='lat' dir='ltr'>nec</span> <span class='ocrx_word' id='word_1_265' title='bbox 1598 1436 1792 1469; x_wconf 70' lang='lat' dir='ltr'>congruens</span> <span class='ocrx_word' id='word_1_266' title='bbox 1802 1438 1866 1463; x_wconf 62' lang='lat' dir='ltr'>„ar-</span> 
     </span>
     <span class='ocr_line' id='line_1_26' title="bbox 252 1472 1865 1531; baseline -0.012 -6"><span class='ocrx_word' id='word_1_267' title='bbox 252 1490 396 1525; x_wconf 86' lang='lat' dir='ltr'>bitratus</span> <span class='ocrx_word' id='word_1_268' title='bbox 414 1483 445 1520; x_wconf 86' lang='lat' dir='ltr'>se</span> <span class='ocrx_word' id='word_1_269' title='bbox 463 1484 589 1531; x_wconf 82' lang='lat' dir='ltr'>judicio</span> <span class='ocrx_word' id='word_1_270' title='bbox 609 1478 761 1528; x_wconf 83' lang='lat' dir='ltr'>synodali</span> <span class='ocrx_word' id='word_1_271' title='bbox 780 1476 980 1524; x_wconf 84' lang='lat' dir='ltr'>praesertim</span> <span class='ocrx_word' id='word_1_272' title='bbox 1006 1474 1194 1508; x_wconf 87' lang='lat' dir='ltr'>adversanti</span> <span class='ocrx_word' id='word_1_273' title='bbox 1211 1474 1433 1519; x_wconf 82' lang='lat' dir='ltr'>judicandum</span> <span class='ocrx_word' id='word_1_274' title='bbox 1462 1472 1588 1512; x_wconf 72' lang='lat' dir='ltr'>sistere,</span> <span class='ocrx_word' id='word_1_275' title='bbox 1640 1474 1797 1510; x_wconf 83' lang='lat' dir='ltr'>accedere</span> <span class='ocrx_word' id='word_1_276' title='bbox 1821 1475 1865 1511; x_wconf 71' lang='lat' dir='ltr'>ad</span> 
     </span>
     <span class='ocr_line' id='line_1_27' title="bbox 251 1521 1874 1575; baseline -0.01 0"><span class='ocrx_word' id='word_1_277' title='bbox 251 1538 433 1575; x_wconf 80' lang='lat' dir='ltr'>concilium</span> <span class='ocrx_word' id='word_1_278' title='bbox 451 1531 623 1568; x_wconf 71' lang='lat' dir='ltr'>recusavit.</span> <span class='ocrx_word' id='word_1_279' title='bbox 676 1531 771 1562; x_wconf 86' lang='lat' dir='ltr'>Tum</span> <span class='ocrx_word' id='word_1_280' title='bbox 788 1523 946 1572; x_wconf 81' lang='lat' dir='ltr'>pontifex</span> <span class='ocrx_word' id='word_1_281' title='bbox 966 1523 1058 1558; x_wconf 79' lang='lat' dir='ltr'>nulla</span> <span class='ocrx_word' id='word_1_282' title='bbox 1073 1523 1328 1568; x_wconf 79' lang='lat' dir='ltr'>provocationis</span> <span class='ocrx_word' id='word_1_283' title='bbox 1345 1534 1363 1556; x_wconf 82' lang='lat' dir='ltr'>a</span> <span class='ocrx_word' id='word_1_284' title='bbox 1381 1521 1571 1557; x_wconf 82' lang='lat' dir='ltr'>Thaddaeo</span> <span class='ocrx_word' id='word_1_285' title='bbox 1591 1523 1803 1569; x_wconf 82' lang='lat' dir='ltr'>interpositae</span> <span class='ocrx_word' id='word_1_286' title='bbox 1813 1538 1874 1561; x_wconf 55' lang='lat' dir='ltr'>rae.-</span> 
     </span>
     <span class='ocr_line' id='line_1_28' title="bbox 249 1570 1864 1624; baseline -0.011 0"><span class='ocrx_word' id='word_1_287' title='bbox 249 1589 342 1624; x_wconf 86' lang='lat' dir='ltr'>tione</span> <span class='ocrx_word' id='word_1_288' title='bbox 361 1585 474 1620; x_wconf 76' lang='lat' dir='ltr'>habita</span> <span class='ocrx_word' id='word_1_289' title='bbox 491 1584 526 1616; x_wconf 89' lang='lat' dir='ltr'>in</span> <span class='ocrx_word' id='word_1_290' title='bbox 545 1578 760 1615; x_wconf 87' lang='lat' dir='ltr'>Fredericum</span> <span class='ocrx_word' id='word_1_291' title='bbox 781 1575 978 1615; x_wconf 81' lang='lat' dir='ltr'>sententiam</span> <span class='ocrx_word' id='word_1_292' title='bbox 996 1571 1150 1618; x_wconf 87' lang='lat' dir='ltr'>protulit,</span> <span class='ocrx_word' id='word_1_293' title='bbox 1173 1583 1239 1615; x_wconf 88' lang='lat' dir='ltr'>qua</span> <span class='ocrx_word' id='word_1_294' title='bbox 1256 1570 1355 1608; x_wconf 91' lang='lat' dir='ltr'>illum</span> <span class='ocrx_word' id='word_1_295' title='bbox 1381 1572 1478 1606; x_wconf 87' lang='lat' dir='ltr'>omni</span> <span class='ocrx_word' id='word_1_296' title='bbox 1498 1571 1630 1608; x_wconf 88' lang='lat' dir='ltr'>honore</span> <span class='ocrx_word' id='word_1_297' title='bbox 1652 1583 1684 1608; x_wconf 89' lang='lat' dir='ltr'>et</span> <span class='ocrx_word' id='word_1_298' title='bbox 1700 1571 1864 1618; x_wconf 76' lang='lat' dir='ltr'>dignitate</span> 
     </span>
     <span class='ocr_line' id='line_1_29' title="bbox 251 1618 1866 1684; baseline -0.01 -12"><span class='ocrx_word' id='word_1_299' title='bbox 251 1639 424 1684; x_wconf 87' lang='lat' dir='ltr'>privatum</span> <span class='ocrx_word' id='word_1_300' title='bbox 449 1628 710 1679; x_wconf 85' lang='lat' dir='ltr'>pronunciavit,</span> <span class='ocrx_word' id='word_1_301' title='bbox 738 1636 770 1660; x_wconf 91' lang='lat' dir='ltr'>et</span> <span class='ocrx_word' id='word_1_302' title='bbox 794 1635 950 1660; x_wconf 73' lang='lat' dir='ltr'>omnesa</span> <span class='ocrx_word' id='word_1_303' title='bbox 966 1621 1160 1669; x_wconf 74' lang='lat' dir='ltr'>juramento</span> <span class='ocrx_word' id='word_1_304' title='bbox 1181 1619 1261 1655; x_wconf 86' lang='lat' dir='ltr'>fidei</span> <span class='ocrx_word' id='word_1_305' title='bbox 1280 1619 1342 1667; x_wconf 80' lang='lat' dir='ltr'>ipsi</span> <span class='ocrx_word' id='word_1_306' title='bbox 1361 1618 1523 1666; x_wconf 87' lang='lat' dir='ltr'>praestito</span> <span class='ocrx_word' id='word_1_307' title='bbox 1541 1621 1701 1663; x_wconf 83' lang='lat' dir='ltr'>absolvit,</span> <span class='ocrx_word' id='word_1_308' title='bbox 1736 1626 1866 1660; x_wconf 48' lang='lat' dir='ltr'>vetuit-2</span> 
     </span>
     <span class='ocr_line' id='line_1_30' title="bbox 251 1669 1863 1732; baseline -0.01 -10"><span class='ocrx_word' id='word_1_309' title='bbox 251 1699 316 1732; x_wconf 89' lang='lat' dir='ltr'>que</span> <span class='ocrx_word' id='word_1_310' title='bbox 334 1697 411 1720; x_wconf 89' lang='lat' dir='ltr'>eum</span> <span class='ocrx_word' id='word_1_311' title='bbox 429 1695 447 1717; x_wconf 90' lang='lat' dir='ltr'>a</span> <span class='ocrx_word' id='word_1_312' title='bbox 466 1690 640 1727; x_wconf 83' lang='lat' dir='ltr'>quoquam</span> <span class='ocrx_word' id='word_1_313' title='bbox 661 1688 727 1722; x_wconf 88' lang='lat' dir='ltr'>pro</span> <span class='ocrx_word' id='word_1_314' title='bbox 753 1677 956 1722; x_wconf 83' lang='lat' dir='ltr'>imperatore</span> <span class='ocrx_word' id='word_1_315' title='bbox 972 1670 1119 1718; x_wconf 82' lang='lat' dir='ltr'>agnosci.</span> <span class='ocrx_word' id='word_1_316' title='bbox 1173 1673 1268 1706; x_wconf 81' lang='lat' dir='ltr'>Haec</span> <span class='ocrx_word' id='word_1_317' title='bbox 1284 1669 1445 1705; x_wconf 86' lang='lat' dir='ltr'>sententia</span> <span class='ocrx_word' id='word_1_318' title='bbox 1469 1671 1505 1705; x_wconf 86' lang='lat' dir='ltr'>in</span> <span class='ocrx_word' id='word_1_319' title='bbox 1525 1670 1600 1718; x_wconf 88' lang='lat' dir='ltr'>ipso</span> <span class='ocrx_word' id='word_1_320' title='bbox 1627 1671 1772 1707; x_wconf 87' lang='lat' dir='ltr'>concilio</span> <span class='ocrx_word' id='word_1_321' title='bbox 1795 1673 1863 1712; x_wconf 52' lang='lat' dir='ltr'>lata*</span> 
     </span>
     <span class='ocr_line' id='line_1_31' title="bbox 253 1719 1863 1780; baseline -0.011 -8"><span class='ocrx_word' id='word_1_322' title='bbox 253 1735 315 1773; x_wconf 88' lang='lat' dir='ltr'>est,</span> <span class='ocrx_word' id='word_1_323' title='bbox 341 1746 407 1770; x_wconf 81' lang='lat' dir='ltr'>non</span> <span class='ocrx_word' id='word_1_324' title='bbox 415 1733 488 1780; x_wconf 80' lang='lat' dir='ltr'>fine</span> <span class='ocrx_word' id='word_1_325' title='bbox 507 1731 648 1765; x_wconf 82' lang='lat' dir='ltr'>omnium</span> <span class='ocrx_word' id='word_1_326' title='bbox 666 1725 879 1761; x_wconf 85' lang='lat' dir='ltr'>audientium</span> <span class='ocrx_word' id='word_1_327' title='bbox 897 1732 930 1758; x_wconf 85' lang='lat' dir='ltr'>et</span> <span class='ocrx_word' id='word_1_328' title='bbox 947 1721 1229 1766; x_wconf 70' lang='lat' dir='ltr'>circumstantium</span> <span class='ocrx_word' id='word_1_329' title='bbox 1241 1745 1249 1759; x_wconf 94' lang='lat'>,</span> <span class='ocrx_word' id='word_1_330' title='bbox 1285 1731 1324 1755; x_wconf 93' lang='lat' dir='ltr'>ut</span> <span class='ocrx_word' id='word_1_331' title='bbox 1347 1719 1460 1765; x_wconf 85' lang='lat' dir='ltr'>inquit</span> <span class='ocrx_word' id='word_1_332' title='bbox 1484 1721 1711 1760; x_wconf 73' lang='lat' dir='ltr'>Matthaeus‚-</span> <span class='ocrx_word' id='word_1_333' title='bbox 1723 1722 1863 1770; x_wconf 65' lang='lat' dir='ltr'>stupor-g</span> 
     </span>
     <span class='ocr_line' id='line_1_32' title="bbox 249 1767 1864 1822; baseline -0.01 0"><span class='ocrx_word' id='word_1_334' title='bbox 249 1795 283 1822; x_wconf 79' lang='lat' dir='ltr'>et</span> <span class='ocrx_word' id='word_1_335' title='bbox 301 1786 449 1820; x_wconf 73' lang='lat' dir='ltr'>horrore.</span> <span class='ocrx_word' id='word_1_336' title='bbox 501 1782 603 1816; x_wconf 84' lang='lat' dir='ltr'>Hanc</span> <span class='ocrx_word' id='word_1_337' title='bbox 621 1776 817 1811; x_wconf 88' lang='lat' dir='ltr'>sententiam</span> <span class='ocrx_word' id='word_1_338' title='bbox 833 1773 910 1808; x_wconf 89' lang='lat' dir='ltr'>licet</span> <span class='ocrx_word' id='word_1_339' title='bbox 934 1770 1098 1806; x_wconf 87' lang='lat' dir='ltr'>frivolam</span> <span class='ocrx_word' id='word_1_340' title='bbox 1128 1780 1159 1805; x_wconf 88' lang='lat' dir='ltr'>et</span> <span class='ocrx_word' id='word_1_341' title='bbox 1179 1768 1333 1816; x_wconf 82' lang='lat' dir='ltr'>injustam</span> <span class='ocrx_word' id='word_1_342' title='bbox 1359 1767 1497 1805; x_wconf 84' lang='lat' dir='ltr'>sentiret</span> <span class='ocrx_word' id='word_1_343' title='bbox 1520 1770 1738 1812; x_wconf 72' lang='lat' dir='ltr'>Fredericus,</span> <span class='ocrx_word' id='word_1_344' title='bbox 1791 1783 1864 1808; x_wconf 82' lang='lat' dir='ltr'>cer·</span> 
     </span>
     <span class='ocr_line' id='line_1_33' title="bbox 252 1818 1863 1875; baseline -0.01 -5"><span class='ocrx_word' id='word_1_345' title='bbox 252 1847 336 1870; x_wconf 87' lang='lat' dir='ltr'>nens</span> <span class='ocrx_word' id='word_1_346' title='bbox 355 1844 476 1872; x_wconf 87' lang='lat' dir='ltr'>tamen,</span> <span class='ocrx_word' id='word_1_347' title='bbox 497 1838 662 1875; x_wconf 82' lang='lat' dir='ltr'>quantum</span> <span class='ocrx_word' id='word_1_348' title='bbox 683 1825 738 1860; x_wconf 84' lang='lat' dir='ltr'>illa</span> <span class='ocrx_word' id='word_1_349' title='bbox 758 1823 950 1859; x_wconf 86' lang='lat' dir='ltr'>detrimenti</span> <span class='ocrx_word' id='word_1_350' title='bbox 962 1821 1023 1856; x_wconf 83' lang='lat' dir='ltr'>fibi</span> <span class='ocrx_word' id='word_1_351' title='bbox 1040 1818 1116 1854; x_wconf 77' lang='lat' dir='ltr'>esset</span> <span class='ocrx_word' id='word_1_352' title='bbox 1132 1819 1300 1860; x_wconf 80' lang='lat' dir='ltr'>adlatura,</span> <span class='ocrx_word' id='word_1_353' title='bbox 1329 1818 1459 1854; x_wconf 89' lang='lat' dir='ltr'>nullum</span> <span class='ocrx_word' id='word_1_354' title='bbox 1475 1831 1547 1854; x_wconf 78' lang='lat' dir='ltr'>non</span> <span class='ocrx_word' id='word_1_355' title='bbox 1567 1819 1678 1855; x_wconf 78' lang='lat' dir='ltr'>movit</span> <span class='ocrx_word' id='word_1_356' title='bbox 1692 1818 1863 1867; x_wconf 59' lang='lat' dir='ltr'>lapidem,</span> 
     </span>
     <span class='ocr_line' id='line_1_34' title="bbox 254 1868 1863 1930; baseline -0.009 -10"><span class='ocrx_word' id='word_1_357' title='bbox 254 1896 293 1920; x_wconf 86' lang='lat' dir='ltr'>ut</span> <span class='ocrx_word' id='word_1_358' title='bbox 313 1880 468 1930; x_wconf 85' lang='lat' dir='ltr'>pontifici</span> <span class='ocrx_word' id='word_1_359' title='bbox 486 1876 773 1914; x_wconf 86' lang='lat' dir='ltr'>reconciliaretur.</span> <span class='ocrx_word' id='word_1_360' title='bbox 827 1875 939 1916; x_wconf 87' lang='lat' dir='ltr'>Quare</span> <span class='ocrx_word' id='word_1_361' title='bbox 957 1882 1020 1917; x_wconf 87' lang='lat' dir='ltr'>per</span> <span class='ocrx_word' id='word_1_362' title='bbox 1038 1879 1302 1916; x_wconf 80' lang='lat' dir='ltr'>procuratorem</span> <span class='ocrx_word' id='word_1_363' title='bbox 1323 1868 1420 1904; x_wconf 90' lang='lat' dir='ltr'>suum</span> <span class='ocrx_word' id='word_1_364' title='bbox 1440 1880 1556 1914; x_wconf 89' lang='lat' dir='ltr'>regem</span> <span class='ocrx_word' id='word_1_365' title='bbox 1573 1869 1735 1904; x_wconf 84' lang='lat' dir='ltr'>Franciae</span> <span class='ocrx_word' id='word_1_366' title='bbox 1750 1869 1863 1906; x_wconf 83' lang='lat' dir='ltr'>domi-</span> 
     </span>
     <span class='ocr_line' id='line_1_35' title="bbox 253 1918 1862 1978; baseline -0.009 -11"><span class='ocrx_word' id='word_1_367' title='bbox 253 1947 299 1969; x_wconf 92' lang='lat' dir='ltr'>no</span> <span class='ocrx_word' id='word_1_368' title='bbox 325 1943 431 1978; x_wconf 79' lang='lat' dir='ltr'>papae</span> <span class='ocrx_word' id='word_1_369' title='bbox 459 1929 582 1965; x_wconf 84' lang='lat' dir='ltr'>obtulit</span> <span class='ocrx_word' id='word_1_370' title='bbox 604 1925 876 1972; x_wconf 67' lang='lat' dir='ltr'>satisfaflionem</span> <span class='ocrx_word' id='word_1_371' title='bbox 899 1924 1018 1967; x_wconf 79' lang='lat' dir='ltr'>facere</span> <span class='ocrx_word' id='word_1_372' title='bbox 1045 1926 1293 1966; x_wconf 77' lang='lat' dir='ltr'>competentem,</span> <span class='ocrx_word' id='word_1_373' title='bbox 1343 1919 1456 1963; x_wconf 89' lang='lat' dir='ltr'>inquit</span> <span class='ocrx_word' id='word_1_374' title='bbox 1481 1918 1693 1959; x_wconf 73' lang='lat' dir='ltr'>Matthaeus,</span> <span class='ocrx_word' id='word_1_375' title='bbox 1735 1918 1862 1957; x_wconf 72' lang='lat' dir='ltr'>obtulit</span> 
     </span>
     <span class='ocr_line' id='line_1_36' title="bbox 253 1966 1863 2027; baseline -0.012 -9"><span class='ocrx_word' id='word_1_376' title='bbox 253 1986 354 2019; x_wconf 83' lang='lat' dir='ltr'>etiam</span> <span class='ocrx_word' id='word_1_377' title='bbox 366 2010 373 2021; x_wconf 84' lang='grc'><em>,</em></span> <span class='ocrx_word' id='word_1_378' title='bbox 401 1980 486 2027; x_wconf 79' lang='lat' dir='ltr'>quod</span> <span class='ocrx_word' id='word_1_379' title='bbox 505 1982 543 2013; x_wconf 83' lang='lat' dir='ltr'>in</span> <span class='ocrx_word' id='word_1_380' title='bbox 561 1986 688 2013; x_wconf 85' lang='lat' dir='ltr'>terram</span> <span class='ocrx_word' id='word_1_381' title='bbox 701 1973 852 2019; x_wconf 67' lang='lat' dir='ltr'>lanHam</span> <span class='ocrx_word' id='word_1_382' title='bbox 870 1970 1081 2008; x_wconf 79' lang='lat' dir='ltr'>irrediturus</span> <span class='ocrx_word' id='word_1_383' title='bbox 1098 1967 1226 2009; x_wconf 83' lang='lat' dir='ltr'>abiret,</span> <span class='ocrx_word' id='word_1_384' title='bbox 1251 1967 1361 2016; x_wconf 83' lang='lat' dir='ltr'>quoad</span> <span class='ocrx_word' id='word_1_385' title='bbox 1373 1970 1509 2004; x_wconf 81' lang='lat' dir='ltr'>viveret</span> <span class='ocrx_word' id='word_1_386' title='bbox 1526 1968 1653 2016; x_wconf 66' lang='lat' dir='ltr'>Christo</span> <span class='ocrx_word' id='word_1_387' title='bbox 1670 1966 1793 2005; x_wconf 73' lang='lat' dir='ltr'>ibidem</span> <span class='ocrx_word' id='word_1_388' title='bbox 1803 1972 1863 2006; x_wconf 76' lang='lat' dir='ltr'>mi.</span> 
     </span>
    </p>
   </div>
   <div class='ocr_carea' id='block_1_3' title="bbox 249 2034 1868 2119">
    <p class='ocr_par' dir='ltr' id='par_1_4' title="bbox 249 2034 1868 2119">
     <span class='ocr_line' id='line_1_37' title="bbox 396 2042 1868 2064; baseline 0.025 0"><span class='ocrx_word' id='word_1_389' title='bbox 396 2043 420 2064; x_wconf 82' lang='lat'>5.</span> <span class='ocrx_word' id='word_1_390' title='bbox 1402 2050 1405 2056; x_wconf 35' lang='lat' dir='ltr'>l</span> <span class='ocrx_word' id='word_1_391' title='bbox 1662 2051 1664 2053; x_wconf 33' lang='grc' dir='ltr'>Ι</span> <span class='ocrx_word' id='word_1_392' title='bbox 1856 2042 1868 2045; x_wconf 47' lang='grc' dir='ltr'>Π</span> 
     </span>
     <span class='ocr_line' id='line_1_38' title="bbox 249 2034 1859 2119; baseline 0.009 -9"><span class='ocrx_word' id='word_1_393' title='bbox 249 2034 458 2114; x_wconf 46' lang='lat' dir='ltr'>‘natumst-d</span> <span class='ocrx_word' id='word_1_394' title='bbox 478 2077 557 2111; x_wconf 81' lang='lat' dir='ltr'>haec</span> <span class='ocrx_word' id='word_1_395' title='bbox 580 2074 694 2110; x_wconf 86' lang='lat' dir='ltr'>ridens</span> <span class='ocrx_word' id='word_1_396' title='bbox 710 2084 798 2119; x_wconf 79' lang='lat' dir='ltr'>papa</span> <span class='ocrx_word' id='word_1_397' title='bbox 817 2071 880 2109; x_wconf 87' lang='lat' dir='ltr'>ait,</span> <span class='ocrx_word' id='word_1_398' title='bbox 907 2070 989 2106; x_wconf 85' lang='lat' dir='ltr'>haec</span> <span class='ocrx_word' id='word_1_399' title='bbox 1005 2070 1136 2115; x_wconf 87' lang='lat' dir='ltr'>quoties</span> <span class='ocrx_word' id='word_1_400' title='bbox 1152 2067 1230 2104; x_wconf 78' lang='lat' dir='ltr'>talia</span> <span class='ocrx_word' id='word_1_401' title='bbox 1250 2067 1300 2103; x_wconf 70' lang='lat' dir='ltr'>vel</span> <span class='ocrx_word' id='word_1_402' title='bbox 1317 2068 1452 2114; x_wconf 54' lang='lat' dir='ltr'>9⁰¹³&amp;ss</span> <span class='ocrx_word' id='word_1_403' title='bbox 1461 2064 1626 2114; x_wconf 55' lang='lat' dir='ltr'>prmuma</span> <span class='ocrx_word' id='word_1_404' title='bbox 1638 2064 1740 2103; x_wconf 56' lang='lat' dir='ltr'>sunt?</span> <span class='ocrx_word' id='word_1_405' title='bbox 1773 2041 1859 2105; x_wconf 38' lang='lat' dir='ltr'>&#39;R‘&#39;</span> 
     </span>
    </p>
   </div>
   <div class='ocr_carea' id='block_1_4' title="bbox 252 2117 1877 2416">
    <p class='ocr_par' dir='ltr' id='par_1_5' title="bbox 252 2117 1877 2416">
     <span class='ocr_line' id='line_1_39' title="bbox 252 2117 1860 2180; baseline -0.008 -14"><span class='ocrx_word' id='word_1_406' title='bbox 252 2129 385 2180; x_wconf 67' lang='lat' dir='ltr'>spondit</span> <span class='ocrx_word' id='word_1_407' title='bbox 402 2140 464 2163; x_wconf 81' lang='lat' dir='ltr'>rex</span> <span class='ocrx_word' id='word_1_408' title='bbox 480 2126 644 2161; x_wconf 82' lang='lat' dir='ltr'>Franciae</span> <span class='ocrx_word' id='word_1_409' title='bbox 658 2123 852 2170; x_wconf 78' lang='lat' dir='ltr'>septuagies</span> <span class='ocrx_word' id='word_1_410' title='bbox 862 2122 988 2167; x_wconf 80' lang='lat' dir='ltr'>septies</span> <span class='ocrx_word' id='word_1_411' title='bbox 1000 2119 1199 2167; x_wconf 80' lang='lat' dir='ltr'>pandendus</span> <span class='ocrx_word' id='word_1_412' title='bbox 1226 2118 1268 2164; x_wconf 82' lang='lat' dir='ltr'>est</span> <span class='ocrx_word' id='word_1_413' title='bbox 1287 2117 1397 2164; x_wconf 81' lang='lat' dir='ltr'>finus,</span> <span class='ocrx_word' id='word_1_414' title='bbox 1429 2127 1509 2164; x_wconf 83' lang='lat' dir='ltr'>peto</span> <span class='ocrx_word' id='word_1_415' title='bbox 1535 2127 1569 2153; x_wconf 86' lang='lat' dir='ltr'>et</span> <span class='ocrx_word' id='word_1_416' title='bbox 1587 2126 1703 2164; x_wconf 79' lang='lat' dir='ltr'>petens</span> <span class='ocrx_word' id='word_1_417' title='bbox 1727 2120 1860 2162; x_wconf 79' lang='lat' dir='ltr'>consulo</span> 
     </span>
     <span class='ocr_line' id='line_1_40' title="bbox 253 2166 1861 2227; baseline -0.009 -13"><span class='ocrx_word' id='word_1_418' title='bbox 253 2193 321 2219; x_wconf 73' lang='lat' dir='ltr'>tam</span> <span class='ocrx_word' id='word_1_419' title='bbox 334 2192 399 2227; x_wconf 79' lang='lat' dir='ltr'>pro</span> <span class='ocrx_word' id='word_1_420' title='bbox 417 2189 466 2213; x_wconf 87' lang='lat' dir='ltr'>me</span> <span class='ocrx_word' id='word_1_421' title='bbox 481 2201 489 2217; x_wconf 90' lang='lat'>,</span> <span class='ocrx_word' id='word_1_422' title='bbox 515 2187 610 2223; x_wconf 85' lang='lat' dir='ltr'>quam</span> <span class='ocrx_word' id='word_1_423' title='bbox 625 2186 691 2220; x_wconf 83' lang='lat' dir='ltr'>pro</span> <span class='ocrx_word' id='word_1_424' title='bbox 708 2174 821 2207; x_wconf 81' lang='lat' dir='ltr'>multis</span> <span class='ocrx_word' id='word_1_425' title='bbox 842 2172 920 2205; x_wconf 84' lang='lat' dir='ltr'>aliis</span> <span class='ocrx_word' id='word_1_426' title='bbox 938 2171 1078 2205; x_wconf 83' lang='lat' dir='ltr'>millium</span> <span class='ocrx_word' id='word_1_427' title='bbox 1098 2166 1244 2203; x_wconf 81' lang='lat' dir='ltr'>minibus</span> <span class='ocrx_word' id='word_1_428' title='bbox 1267 2169 1546 2216; x_wconf 80' lang='lat' dir='ltr'>peregrinaturis</span> <span class='ocrx_word' id='word_1_429' title='bbox 1569 2166 1763 2212; x_wconf 78' lang='lat' dir='ltr'>prosperum</span> <span class='ocrx_word' id='word_1_430' title='bbox 1788 2169 1861 2204; x_wconf 74' lang='lat' dir='ltr'>exi.</span> 
     </span>
     <span class='ocr_line' id='line_1_41' title="bbox 256 2214 1874 2276; baseline -0.01 -9"><span class='ocrx_word' id='word_1_431' title='bbox 256 2241 324 2267; x_wconf 80' lang='lat' dir='ltr'>tum</span> <span class='ocrx_word' id='word_1_432' title='bbox 345 2223 632 2276; x_wconf 56' lang='lat' dir='ltr'>exspeliamibus¹</span> <span class='ocrx_word' id='word_1_433' title='bbox 659 2226 722 2257; x_wconf 80' lang='lat' dir='ltr'>imo</span> <span class='ocrx_word' id='word_1_434' title='bbox 735 2223 847 2268; x_wconf 78' lang='lat' dir='ltr'>potius</span> <span class='ocrx_word' id='word_1_435' title='bbox 861 2219 1029 2267; x_wconf 83' lang='lat' dir='ltr'>proflatu</span> <span class='ocrx_word' id='word_1_436' title='bbox 1045 2217 1246 2262; x_wconf 80' lang='lat' dir='ltr'>universalis</span> <span class='ocrx_word' id='word_1_437' title='bbox 1269 2215 1412 2254; x_wconf 77' lang='lat' dir='ltr'>ecclesiae</span> <span class='ocrx_word' id='word_1_438' title='bbox 1438 2224 1471 2250; x_wconf 84' lang='lat' dir='ltr'>et</span> <span class='ocrx_word' id='word_1_439' title='bbox 1493 2214 1751 2261; x_wconf 65' lang='lat' dir='ltr'>christianitatis</span> <span class='ocrx_word' id='word_1_440' title='bbox 1775 2219 1874 2252; x_wconf 83' lang='lat' dir='ltr'>acci.-</span> 
     </span>
     <span class='ocr_line' id='line_1_42' title="bbox 253 2263 1877 2327; baseline -0.012 -12"><span class='ocrx_word' id='word_1_441' title='bbox 253 2284 327 2327; x_wconf 83' lang='lat' dir='ltr'>pite</span> <span class='ocrx_word' id='word_1_442' title='bbox 345 2287 378 2314; x_wconf 83' lang='lat' dir='ltr'>et</span> <span class='ocrx_word' id='word_1_443' title='bbox 395 2283 563 2323; x_wconf 75' lang='lat' dir='ltr'>acceptare</span> <span class='ocrx_word' id='word_1_444' title='bbox 583 2274 676 2308; x_wconf 86' lang='lat' dir='ltr'>tanti</span> <span class='ocrx_word' id='word_1_445' title='bbox 688 2272 860 2319; x_wconf 81' lang='lat' dir='ltr'>principis</span> <span class='ocrx_word' id='word_1_446' title='bbox 877 2270 976 2304; x_wconf 85' lang='lat' dir='ltr'>talem</span> <span class='ocrx_word' id='word_1_447' title='bbox 993 2268 1232 2307; x_wconf 74' lang='lat' dir='ltr'>humilitatem,</span> <span class='ocrx_word' id='word_1_448' title='bbox 1259 2265 1373 2311; x_wconf 58' lang='lat' dir='ltr'>christi</span> <span class='ocrx_word' id='word_1_449' title='bbox 1379 2265 1554 2312; x_wconf 75' lang='lat' dir='ltr'>sequemet</span> <span class='ocrx_word' id='word_1_450' title='bbox 1569 2263 1733 2313; x_wconf 82' lang='lat' dir='ltr'>vestigia,</span> <span class='ocrx_word' id='word_1_451' title='bbox 1782 2267 1860 2311; x_wconf 62' lang='lat' dir='ltr'>uqa</span> <span class='ocrx_word' id='word_1_452' title='bbox 1875 2304 1877 2306; x_wconf 25' lang='grc' dir='ltr'>Ι</span> 
     </span>
     <span class='ocr_line' id='line_1_43' title="bbox 253 2278 1859 2377; baseline -0.01 -13"><span class='ocrx_word' id='word_1_453' title='bbox 253 2333 355 2377; x_wconf 68' lang='lat' dir='ltr'>usque</span> <span class='ocrx_word' id='word_1_454' title='bbox 377 2328 421 2362; x_wconf 80' lang='lat' dir='ltr'>ad</span> <span class='ocrx_word' id='word_1_455' title='bbox 436 2327 542 2361; x_wconf 81' lang='lat' dir='ltr'>crucis</span> <span class='ocrx_word' id='word_1_456' title='bbox 558 2321 748 2371; x_wconf 80' lang='lat' dir='ltr'>patibulum</span> <span class='ocrx_word' id='word_1_457' title='bbox 765 2318 955 2366; x_wconf 78' lang='lat' dir='ltr'>humiliaffe</span> <span class='ocrx_word' id='word_1_458' title='bbox 970 2319 1108 2367; x_wconf 83' lang='lat' dir='ltr'>legitur.</span> <span class='ocrx_word' id='word_1_459' title='bbox 1163 2314 1270 2360; x_wconf 85' lang='lat' dir='ltr'>Quod</span> <span class='ocrx_word' id='word_1_460' title='bbox 1297 2325 1378 2357; x_wconf 75' lang='lat' dir='ltr'>cum</span> <span class='ocrx_word' id='word_1_461' title='bbox 1396 2313 1559 2363; x_wconf 62' lang='lat' dir='ltr'>dominus</span> <span class='ocrx_word' id='word_1_462' title='bbox 1585 2324 1676 2363; x_wconf 71' lang='lat' dir='ltr'>papa</span> <span class='ocrx_word' id='word_1_463' title='bbox 1693 2278 1803 2350; x_wconf 53' lang='lat' dir='ltr'>eregii</span> <span class='ocrx_word' id='word_1_464' title='bbox 1826 2324 1859 2361; x_wconf 73' lang='grc' dir='ltr'>ος</span> 
     </span>
     <span class='ocr_line' id='line_1_44' title="bbox 536 2374 1860 2416; baseline -0.011 5"><span class='ocrx_word' id='word_1_465' title='bbox 536 2386 538 2388; x_wconf 74' lang='grc'>’</span> <span class='ocrx_word' id='word_1_466' title='bbox 1724 2374 1809 2410; x_wconf 60' lang='grc' dir='ltr'>ΠΡ]</span> <span class='ocrx_word' id='word_1_467' title='bbox 1848 2396 1860 2416; x_wconf 73' lang='lat'>,</span> 
     </span>
    </p>
   </div>
  </div>
 </body>
</html>
