2022 2733
292 204 798 250 DISSERTATIONES
822 211 1170 253 alm-oncle.
1218 215 1376 254 nus-ar.
1402 216 1467 253 m.
1572 226 1639 264 τις

75 311 158 337 nam
173 301 401 348 pertinentes,
429 313 515 347 quae
530 312 600 338 non
619 300 759 350 possunt
775 302 841 338 diei
859 303 999 339 materia
1014 303 1141 350 peceati
1161 305 1340 344 mortalis,
1359 304 1438 346 ,nisi
1463 304 1556 342 forte
1581 306 1689 342 ratio·

74 363 120 386 ne
143 350 285 386 scandali
301 362 334 386 et
355 362 582 398 contemptus.
636 355 766 388 Verum
783 354 831 388 in-
841 355 1187 389 excommunicatione
1204 354 1390 401 infligenda
1413 368 1482 390 non
1510 366 1579 391 tam
1605 369 1686 391 con·

71 399 238 435 fider-atur
257 400 406 446 gravitas
423 403 571 447 peccati,
598 413 702 448 quam
719 401 859 437 offensio
874 413 905 437 et
922 402 1116 448 periculum
1134 402 1214 438 inde
1229 405 1411 440 imminens
1434 403 1580 440 societati
1597 404 1684 440 fide»

70 449 175 490 lium,
202 449 253 485 vel
275 463 312 484 ex
330 450 422 485 malo
439 450 617 498 exemplo,
642 451 694 486 vel
712 463 751 484 ex
769 463 873 496 prava
891 450 1058 488 dostrina.
1083 455 1197 488 Porro
1213 453 1338 488 necesse
1355 466 1424 489 non
1450 454 1600 489 arbitror
1624 454 1684 490 hie

69 496 222 545 exempla
241 499 407 547 subjicere
428 501 648 536 anathematis
671 498 810 540 inffiffl,
838 510 898 534 aut
922 503 1279 536 excommunicationis
1304 503 1390 537 latae
1418 515 1562 549 propter
1586 504 1680 539 leves

68 547 204 594 causas3
231 561 284 583 res
307 549 397 584 enim
414 548 581 585 notiffima
597 548 659 589 est,
693 547 890 595 patebitque
917 550 1130 593 percurrenti
1155 561 1303 586 canones
1328 551 1554 587 conciliorum
1577 554 1679 587 etiam

67 597 398 643 antiquiffimorum‚
425 610 463 633 ur
481 597 701 638 Eliberitani,
730 595 952 642 Gangrenfis,
980 596 1182 632 Arelatenfis
1197 609 1230 632 et
1254 609 1478 636 caeterorum.

219 648 280 683 Sed
306 648 373 694 jam
402 647 478 681 satis
507 646 550 681 de
584 645 688 681 caulis
724 647 1102 686 excommunicationis,
1132 659 1221 681 nunc
1239 647 1281 681 de
1299 649 1362 685 iis,
1385 648 1423 682 in
1439 660 1527 693 quos
1542 646 1675 689 fertur.

65 696 165 741 quod
178 697 245 744 jam
265 709 304 730 ex
321 707 416 741 parte
433 693 590 731 effestum
611 695 667 732 est.
720 696 877 730 Primum
895 695 984 730 enim
1003 695 1131 730 constat
1150 708 1222 731 eam
1243 693 1330 731 ferri
1348 709 1417 732 non
1443 695 1539 744 poss'e
1561 698 1596 731 in
1621 709 1677 733 oc·

65 746 173 780 cultor
191 757 248 780 aut
268 744 453 780 haereticos
467 757 674 792 peccatores.
703 744 808 788 Quod
829 744 956 779 etiamsi
974 757 1044 780 non
1064 745 1199 783 doceret
1221 745 1474 787 traditi0‚ratio
1492 745 1564 792 ipsa
1583 748 1674 781 evin-

65 795 122 830 cit.
173 798 266 830 Nam
283 795 587 829 excommunicatio
607 793 651 828 est
671 794 836 839 separatio
854 806 873 828 e
889 792 1041 829 fidelium
1060 806 1234 830 conventu
1252 806 1282 830 et
1302 794 1475 834 societate,
1503 795 1558 831 seu
1579 794 1675 831 astus

62 843 209 879 clavium
227 855 384 878 externus
400 855 429 878 er
447 844 483 879 in
500 841 581 878 foro
600 844 770 878 exteriori.
822 846 917 878 Nam
935 844 1076 878 interius
1096 844 1207 880 homo
1223 857 1291 880 non
1309 845 1436 891 ligatur
1463 845 1502 880 ab
1528 844 1670 885 ecclesia,

61 892 119 928 sed
137 892 167 928 se
182 893 292 939 ipsum
309 905 371 939 per
390 904 562 939 peccatum
582 893 664 938 ligat
683 904 799 928 coram
818 895 895 927 Deo
913 905 981 927 non
1000 905 1113 928 coram
1140 893 1282 933 ecclelia,
1295 907 1377 940 ergo
1404 894 1447 929 ab
1470 894 1604 929 ecclefia
1619 908 1671 929 ex-

62 943 172 977 terius
195 943 296 987 ligari
321 955 394 977 non
421 942 532 988 potest
548 968 557 983 ,
584 942 645 976 nili
670 944 817 977 exterior
841 940 880 976 {it
907 943 1141 977 innodationis
1167 942 1262 978 causa
1288 955 1321 977 et
1351 942 1548 979 hominibus
1581 957 1672 980 nota.

60 991 169 1033 Quod
185 991 271 1025 adeo
287 1003 406 1026 verum
423 992 489 1031 est,
514 992 638 1035 ut,qui
655 1003 733 1027 cum
752 991 906 1026 Arnaldo
930 1002 962 1025 et
985 993 1133 1026 Morino
1157 992 1412 1034 contenderent,
1448 1004 1594 1039 propter
1613 1005 1669 1028 oc-

61 1040 152 1074 tulta
168 1049 302 1084 peccata
318 1040 566 1085 poenitentiam
585 1040 758 1085 publicam·
774 1039 872 1073 fuiffe
891 1040 1082 1085 impolitam
1095 1055 1107 1077 ς
1134 1040 1285 1075 adserere
1311 1054 1418 1081 tamen
1440 1055 1510 1076 non
1538 1040 1672 1087 possent

60 1087 444 1123 excommunicationem
471 1087 564 1123 illam
582 1114 590 1129 ,
621 1091 705 1133 quae
723 1088 879 1122 mortalis
894 1087 948 1127 est,
966 1089 1001 1122 in
1021 1088 1170 1124 occultos
1189 1102 1380 1135 peccatores
1392 1090 1473 1125 ferri
1492 1090 1594 1135 poffe..
1610 1092 1669 1125 Di·

58 1149 136 1172 tere
154 1139 244 1172 enim
260 1150 329 1171 non
350 1136 487 1184 poffunt
506 1150 562 1172 eos
582 1139 618 1172 in
634 1137 714 1172 foro
731 1138 890 1172 exteriori
910 1137 1057 1182 potuisse
1074 1139 1231 1184 compelli
1247 1139 1288 1174 ad
1307 1140 1473 1185 agendam
1494 1141 1670 1186 poeniten-

60 1188 141 1222 tiam
160 1186 350 1231 publicam,
376 1186 430 1221 sed
449 1186 514 1221 hoc
530 1198 635 1220 unum
653 1186 805 1230 probare
818 1185 850 1220 se
865 1198 985 1230 putant
1001 1211 1012 1227 ‚
1038 1188 1099 1227 iis,
1126 1190 1186 1231 qui
1207 1188 1436 1224 sacerdotibus
1454 1188 1583 1223 occulta
1601 1191 1669 1224 cri-

58 1237 152 1271 mina
168 1237 203 1269 in
221 1233 431 1269 confeffione
443 1234 563 1268 secreta
578 1234 796 1278 aperiebant‚·.
828 1234 1022 1278 impolitam
1046 1232 1165 1271 fuiffe,
1200 1238 1443 1280 poenitentiam
1470 1237 1641 1282 publicam
1655 1264 1666 1279 ,

57 1284 100 1320 ad
119 1295 222 1328 quam
238 1294 348 1317 tamen
368 1281 534 1328 agendam
550 1282 585 1315 in
602 1281 686 1317 foro
711 1282 868 1316 exteriori
892 1281 968 1326 cogi
993 1294 1062 1316 non
1087 1282 1238 1328 possent,
1266 1284 1324 1318 nisi
1351 1284 1486 1319 aliunde
1513 1287 1668 1321 criminis

57 1331 205 1369 curavisti
231 1330 375 1367 forent.-
410 1331 522 1366 nullus
545 1331 656 1369 enirm
682 1340 727 1366 ut·
745 1341 851 1376 puto,
881 1330 964 1365 dixit
997 1343 1149 1376 unquam
1176 1332 1347 1369 occultum
1374 1344 1606 1379 peccatorem,
1634 1348 1668 1370 et

56 1393 231 1429 peccatum
250 1380 349 1417 suum
367 1380 494 1417 secreto
519 1378 708 1416 confessum
735 1379 937 1416 sacerdotia
961 1381 1205 1417 communione
1229 1381 1381 1418 eccl-:fiae
1403 1383 1554 1419 invitum
1581 1384 1667 1432 pelli

54 1430 216 1479 potuisse.
278 1456 281 1464 ·
704 1448 706 1450 >

205 1480 271 1517 Sed
289 1481 418 1525 inquiet
436 1479 576 1523 aliquis,
601 1490 722 1514 verum
749 1479 783 1514 id
811 1477 1016 1523 quidem'est
1051 1480 1095 1515 de>
1116 1481 1467 1518 excommunicatione
1489 1482 1667 1522 ferendae„

54 1540 94 1566 ut
111 1530 321 1575 loquuntur,
349 1528 530 1564 sententiae
547 1553 556 1568 ,
584 1540 652 1562 non
669 1539 782 1562 autem
801 1529 841 1563 de
873 1531 1218 1566 excommunicatione
1243 1531 1348 1573 latae,
1377 1543 1415 1567 ut
1430 1532 1563 1574 volunt,
1595 1532 1663 1568 sen-

14 1617 15 1620 ,
53 1581 174 1615 tentiae
192 1579 267 1625 ipso
285 1576 377 1614 fasto
395 1577 617 1613 incurrendae
635 1589 642 1609 :
670 1575 809 1611 celebris
827 1578 917 1613 enim
929 1576 974 1612 est
990 1577 1051 1613 ista
1076 1579 1252 1616 distinfflo
1272 1582 1364 1628 apud
1389 1584 1588 1617 recentiores
1612 1594 1664 1617 ca„

55 1628 222 1668 nonistas,
251 1628 310 1672 qui
328 1627 708 1662 excommunicationem
725 1623 885 1660 ferendae
901 1628 1082 1662 sententiae
1099 1629 1194 1664 illam-
1216 1630 1334 1665 dicunt
1351 1630 1411 1665 effe
1423 1656 1431 1671 ‚
1467 1644 1568 1676 quam
1596 1644 1661 1678 per

53 1676 169 1723 ipsum
188 1675 301 1711 astum
320 1688 474 1722 peccator
490 1687 638 1710 meretur
650 1700 658 1714 ,
675 1687 744 1709 non
763 1676 924 1715 incurrit,
944 1675 998 1711 sed
1017 1688 1147 1713 tantum
1165 1691 1228 1725 per
1245 1679 1466 1718 sententiam,
1483 1693 1568 1725 quae
1584 1693 1662 1715 con-

53 1725 209 1772 sequitur
227 1724 358 1766 assum,
389 1737 420 1761 et
440 1724 515 1759 ideo
538 1724 662 1760 dicitur
679 1724 843 1769 ferendae
853 1726 1063 1768 sententiae;
1092 1731 1476 1764 excommunicationem
1502 1741 1585 1763 vero
1609 1732 1660 1764 la·

46 1784 111 1817 *tae
129 1777 337 1820 sententiae,
365 1787 436 1809 eam
454 1774 574 1809 volunt
589 1772 668 1814 effe,
698 1786 783 1817 quae
802 1773 875 1819 ipso
893 1771 985 1809 fafio
1004 1776 1201 1812 incurritur.
1252 1779 1407 1813 Priorem
1431 1779 1538 1824 igitur
1564 1780 1662 1818 aiunt

51 1822 137 1861 ferri
157 1835 288 1860 tantum
308 1821 400 1869 posse
418 1824 451 1858 in
470 1834 685 1869 peccatorem
705 1826 879 1858 notorium
899 1834 930 1858 et
945 1824 1102 1862 criminis,
1116 1824 1314 1862 convistum
1333 1839 1370 1861 ac
1383 1826 1520 1874 insuper
1540 1826 1658 1863 admo-

52 1874 184 1917 nitum,
213 1872 438 1919 posteriorem
459 1885 542 1907 vero
561 1872 631 1919 ipsa
649 1874 904 1919 perpetratione
921 1874 1074 1908 criminis
1091 1875 1221 1910 incurri
1237 1875 1466 1914 contendunt,
1484 1879 1556 1913 imo
1575 1890 1657 1913 non·

48 1923 137 1959 -nulli
157 1935 195 1957 ex
213 1924 254 1957 iis
271 1923 468 1963 aiunt‚eam
487 1923 520 1956 in
533 1933 709 1969 peccatum
735 1921 876 1968 prorsus
905 1922 1076 1958 internum
1093 1949 1103 1961 ‚
1130 1926 1222 1969 quod
1248 1927 1391 1960 exterius
1421 1927 1519 1962 nullo
1551 1927 1660 1962 modo

44 1973 229 2020 proditum
250 1969 364 2009 fuerit,
377 1971 512 2011 cadere,
539 1982 576 2006 ut
595 1971 688 2006 verbi
708 1973 814 2017 gratia
832 1973 865 2005 in
882 1972 1096 2018 propositum
1112 1974 1250 2019 aliquod
1269 1975 1462 2016 internum,
1487 1976 1545 2011 alii
1574 1989 1656 2012 vero

53 2021 186 2057 censent
205 2021 288 2055 hanc
309 2034 375 2055 non
396 2020 485 2056 secus
504 2033 539 2055 ac
559 2033 700 2055 caeteras
722 2020 874 2055 censuras
902 2034 1034 2057 necnon
1058 2023 1280 2063 interdifium
1312 2037 1344 2060 et
1372 2027 1658 2073 irregularitatem

49 2071 111 2115 (de
130 2071 170 2105 iis
195 2072 284 2104 enim
306 2071 399 2104 idem·
413 2069 578 2116 judicium
593 2069 790 2118 ferendum)
806 2083 873 2105 non
893 2070 1015 2106 habere
1031 2071 1144 2108 locum
1170 2074 1207 2108 in
1223 2077 1368 2120 peccatis
1389 2089 1483 2111 mere
1503 2076 1656 2116 internisr

27 2154 29 2156 ,
46 2120 111 2154 -n’rli
129 2131 274 2155 exterius
294 2119 486 2165 prodierint
511 2132 574 2165 per
600 2120 740 2164 aliquod
768 2118 913 2160 digium,
949 2133 1004 2157 aut
1024 2120 1152 2157 faPtum
1172 2122 1249 2159 licet
1273 2125 1472 2160 horninibus
1489 2127 1656 2170 ignor-um.

54 2171 119 2205 Res
138 2169 293 2214 exemplo
315 2168 556 2210 illustrabitur,
583 2170 714 2215 prioris
733 2167 914 2204 sententiae
938 2168 1094 2206 fautores
1123 2172 1355 2215 dicunneum,
1393 2177 1453 2220 qui
1480 2174 1655 2209 constituit

54 2229 92 2251 ac
112 2219 293 2263 proposuit
320 2218 493 2253 hominem
521 2218 685 2259 occidere,
703 2217 798 2265 poffe
827 2222 1207 2257 excommunicationem
1235 2225 1432 2262 incurrere,
1458 2223 1653 2269 posterioris

55 2277 139 2303 vero
159 2265 352 2304 defensores
374 2268 547 2315 opinionis
565 2267 602 2303 id
616 2267 691 2304 fieri
705 2281 774 2305 uon
791 2268 903 2316 porse,
932 2269 993 2306 nifi
1012 2281 1127 2307 revera
1149 2274 1332 2311 tentaverit
1346 2298 1355 2315 ,
1390 2285 1426 2309 ac
1446 2284 1580 2318 praeter
1602 2285 1654 2308 co„

1465 2332 1603 2371 giratio<²
