2022 2733
286 186 795 223 mssmTA-stoNes
841 187 1188 226 tus-romena
1223 173 1472 232 ozssmfiv.
1576 199 1645 241 ,ες

881 277 906 319 §.
936 279 998 312 111.

78 381 257 421 ‘Sententia
293 379 565 431 lViclefistarum‚
594 381 888 425 Lutlzeranorum,
915 390 947 421 et
976 384 1252 424 calvinianorum
1279 387 1318 424 de
1344 388 1488 440 ecclefiae
1520 388 1697 428 Romanae

179 453 335 501 primatu
353 448 509 497 refertur.
562 448 654 486 Huic
665 448 845 498 subjicitur
867 453 1019 502 opposita
1044 454 1155 489 curiae
1170 453 1349 492 Romanae
1371 455 1604 503 tlzeologormn
1622 449 1695 504 opi-

183 517 239 552 nio
251 542 260 556 ,
289 529 328 552 ac
346 514 471 551 demzmz
492 512 637 561 refertur
662 519 694 548 et
705 512 880 560 probatur
896 515 1042 552 aliorum
1059 517 1318 566 theologorum,
1344 527 1376 556 et
1389 521 1587 569 praesertim
1609 520 1695 557 Gal.

185 577 294 616 lorum
319 574 490 613 αόἑῖνίηα,
517 575 603 610 inter
627 578 803 620 utramque
823 572 941 610 media.

78 682 184 782 Ut
202 697 292 733 reste
311 697 351 733 de
367 696 520 743 primatu
537 697 711 730 Romanae
730 692 879 729 ecclesiae
904 692 1043 741 ejusque
1074 696 1323 743 praerogativis
1351 696 1534 740 statuatur,
1573 702 1693 738 exami.

221 748 351 783 nandaee
369 745 447 782 sunt
465 746 621 780 omnium
642 756 678 777 ea
696 744 738 778 de
757 756 794 778 re
813 743 1006 785 sententiae,
1028 756 1065 780 ut
1081 758 1136 786 ea,
1166 757 1250 791 quae
1268 749 1409 792 aequior
1429 749 1483 792 est,
1494 751 1690 788 retineatur:

81 799 237 845 primum
255 809 354 843 ergo,
382 794 675 830 heterodoxorum
702 795 919 839 opinationes
948 794 1202 839 percurrendae
1224 795 1314 831 sunt.

231 849 379 895 Joannes
397 841 562 880 wiclefus
585 841 756 877 referente
778 844 917 878 Thoma
934 843 1090 878 Valdenfi
1110 842 1316 881 doetrinales
1332 845 1411 882 fidei
1429 849 1586 894 antiquae
1605 862 1688 887 tom⁴

69 900 114 933 ιι.
133 897 192 932 lib.
213 909 243 932 2.
261 907 323 933 art.
347 907 375 940 3.
397 896 440 930 ait
456 891 683 940 profuturum
700 891 849 927 eccsefiae
866 917 875 930 ,
925 894 957 940 fi
982 903 1112 929 careret
1135 907 1229 942 papa
1273 899 1462 942 capitaneo,
1499 902 1579 948 quia
1609 911 1690 936 tunc

84 946 295 992 descenderet
311 948 434 995 gratia
452 947 488 979 in
505 954 608 977 omnes
628 943 774 977 homines
789 942 1144 989 perpendiculariter,
1173 945 1299 988 utsunt
1317 945 1428 994 digni.

233 995 328 1029 Idem
347 991 508 1027 Wiclefus
529 992 564 1025 in
585 990 729 1026 conclus.
748 989 815 1025 suis
833 1003 926 1025 num.
951 992 1117 1037 5.statuit
1131 1005 1255 1039 papam
1274 994 1338 1039 effe
1355 997 1596 1042 antichristum.
1625 1000 1689 1033 Pa-

79 1060 128 1095 pa
147 1071 154 1087 ,
184 1043 312 1088 inquit,
342 1043 382 1088 est
407 1043 462 1076 ille
480 1039 710 1084 antichrzstus‚
740 1039 829 1073 unde
851 1039 982 1084 colligit
998 1041 1177 1086 expedire,
1207 1050 1244 1076 ut
1259 1044 1369 1077 nullus
1383 1043 1423 1087 sit
1444 1057 1534 1091 papa
1552 1062 1562 1081 :
1588 1058 1687 1094 expe-

79 1099 242 1133 rimento,
272 1094 407 1140 inquit,
437 1090 670 1138 cognostimus,
707 1088 794 1135 quod
803 1101 894 1135 papa
911 1090 964 1123 vel
982 1098 1126 1129 mortuo,
1154 1092 1209 1124 vel
1226 1090 1367 1137 deposito
1396 1105 1465 1128 cum
1479 1097 1549 1138 suis
1575 1097 1688 1132 cardi-

80 1143 214 1180 nalibus
230 1142 440 1188 etpraelatis
456 1140 635 1182 caesareis,
663 1150 731 1172 non
749 1140 859 1172 minus
871 1138 932 1182 sed
952 1140 1093 1185 amplius
1108 1141 1371 1185 prosperaretur
1386 1143 1520 1188 ecclesia.

231 1190 314 1226 Inde
332 1191 368 1223 in
387 1186 531 1223 concilio
551 1185 797 1220 Constantienfi
825 1186 1005 1220 damnatur
1039 1187 1121 1221 haee
1148 1188 1341 1233 propositio
1363 1191 1494 1226 Wiclefi
1513 1207 1520 1226 ε
1548 1194 1630 1230 Νοη
1645 1195 1688 1242 efl

76 1243 120 1279 de
136 1241 320 1290 neceffitare
330 1238 454 1283 salutis
471 1233 607 1268 credere
622 1235 802 1267 Romanam
820 1235 973 1279 ecclefiam
991 1235 1056 1280 effe
1066 1237 1257 1280 supremam
1274 1240 1365 1273 inter
1384 1241 1467 1274 alias
1487 1242 1636 1284 ecclesias.

68 1295 71 1299 ’
169 1288 171 1290 ’
229 1283 362 1324 Ibidem
379 1287 414 1320 in
431 1281 581 1319 articulis
599 1283 741 1329 Joannis
760 1284 838 1316 Hus
855 1282 1056 1317 damnantur
1073 1282 1125 1316 isti
1147 1297 1176 1328 9.
1195 1286 1330 1330 Papalis
1348 1286 1505 1334 dignitas
1540 1304 1560 1325 a
1581 1294 1686 1337 caesa-

78 1354 118 1379 re
134 1341 288 1377 inolevit.
341 1335 389 1371 Et
398 1345 512 1382 papae
526 1332 694 1379 perfeHio
714 1339 747 1365 et
765 1332 932 1377 institutio
947 1345 966 1366 a
983 1334 1129 1377 caesaris
1152 1336 1305 1380 potentia
1328 1340 1512 1378 emanavit,
1537 1353 1576 1374 10.
1614 1344 1687 1376 nul-

77 1391 206 1437 lusfine
224 1387 432 1423 revelatione
451 1381 613 1429 affer-eret
630 1380 736 1426 dese,
776 1380 862 1429 quod
885 1381 965 1427 effer
992 1390 1094 1429 caput
1118 1384 1341 1429 particularis
1366 1387 1507 1433 ecclesiae
1527 1390 1686 1433 sanHae,

76 1452 137 1476 nec
154 1441 321 1475 Romanus
345 1435 506 1482 pontifex
526 1431 567 1476 est
578 1439 678 1476 caput
697 1431 868 1465 Romanae
886 1430 1040 1476 ecclesiae,
1060 1445 1110 1471 27·
1136 1444 1201 1467 non
1219 1432 1261 1476 est
1274 1434 1428 1477 scintilla
1445 1442 1682 1484 apparentiae,

75 1489 164 1538 quod
181 1494 332 1535 oporteat
349 1495 449 1519 unum
471 1480 533 1525 effe
550 1488 650 1524 capnt
671 1481 707 1512 in
720 1479 962 1526 spiritualibus
987 1493 1108 1529 regens
1137 1482 1313 1528 ecclesiam,
1345 1484 1432 1531 quod
1451 1487 1589 1534 semper
1614 1501 1683 1524 cum

74 1540 150 1589 ipsa
165 1536 288 1584 ecclesia
305 1535 476 1569 militante
502 1529 728 1573 conservetur.

226 1583 303 1620 Post
326 1580 487 1617 Husiium
508 1588 540 1612 et
555 1574 739 1611 Wiclefum
763 1576 934 1612 Lutherus
958 1590 1066 1624 papae
1089 1579 1278 1626 primatum
1303 1581 1474 1628 aggressus
1500 1584 1563 1619 esse
1587 1587 1682 1622 vide-

80 1647 137 1672 tur
154 1637 189 1671 in
206 1632 354 1669 thesibus
375 1627 507 1676 Lipsiae
525 1625 699 1672 disputatis
719 1637 796 1660 cum
814 1627 938 1661 Ecchio
963 1640 1052 1663 anno
1075 1641 1087 1661 1
1099 1641 1111 1672 ς
1125 1642 1178 1672 19.
1190 1655 1198 1669 ,
1229 1642 1374 1675 quarum
1395 1633 1591 1679 propositio
1623 1648 1676 1679 ¹3·

76 1687 157 1722 haec
175 1683 219 1719 est
239 1696 246 1716 z
275 1683 455 1717 Romanam
475 1676 629 1721 ecclesiam
647 1675 706 1721 effe
724 1677 801 1709 aliis
818 1675 966 1710 omnibus
976 1679 1205 1724 superiorem,
1237 1679 1408 1726 probatur
1434 1693 1476 1716 ex
1492 1684 1679 1732 frigidiffi-

75 1739 136 1772 mis
156 1736 380 1769 Romanorum
395 1725 590 1775 pontificum
609 1725 751 1759 decretis
770 1727 856 1759 circa
874 1725 1140 1774 quadringentos
1159 1739 1259 1762 annos
1285 1732 1393 1769 natis,
1419 1730 1537 1777 quibus
1555 1733 1679 1770 adver·

68 1788 195 1833 santur
218 1781 374 1827 historiae
390 1776 592 1824 approbatae
614 1775 720 1813 mille,
747 1787 782 1808 ac
801 1783 929 1808 centum
952 1787 1128 1814 annorum,
1170 1785 1285 1811 textus
1304 1779 1498 1824 scripturae
1525 1781 1676 1821 divinae,

69 1844 108 1871 et
125 1833 291 1869 decretum
310 1828 457 1863 Nicaeni
475 1825 606 1860 consilii
621 1826 762 1858 omnium
774 1823 991 1871 sacratiffimi.
1046 1827 1085 1858 In
1107 1823 1338 1870 disputatione
1356 1839 1433 1862 cum
1451 1831 1675 1867 contenderet

51 1901 53 1904 .
74 1883 218 1921 Ecchius
236 1876 470 1917 monarchiam
488 1874 522 1908 in
542 1872 673 1907 ecclesia
692 1871 770 1909 esse,
815 1871 995 1917 respondit
1011 1874 1181 1909 Lutherus
1199 1874 1270 1921 ejus
1289 1887 1391 1922 caput
1410 1876 1470 1912 effe
1489 1879 1673 1923 Christum,

0 1933 11 1953 ⁵
72 1946 143 1969 non
161 1930 355 1966 hominem:
383 1924 505 1960 deinde
521 1920 769 1970 propositiones
788 1921 900 1957 Huffii
918 1933 950 1958 et
966 1922 1097 1958 Wiclefi
1112 1924 1147 1958 in
1165 1922 1299 1970 synodo
1317 1926 1562 1963 constantiensi
1580 1930 1676 1966 dam,

72 1994 165 2019 natas
183 1979 361 2028 probavit,
392 1986 423 2010 et
441 1976 476 2008 in
494 1972 734 2019 disputationis
751 1970 839 2007 aestu
857 1984 994 2007 omnem
1013 1974 1201 2018 primatum
1219 1998 1227 2013 ,
1256 1985 1328 2008 tum
1354 1977 1471 2017 Petro,
1509 1990 1582 2014 tum
1608 1983 1674 2016 Ro-

72 2044 189 2069 manae
214 2026 364 2064 ecclesiae
381 2024 518 2070 eripuit.
561 2025 600 2058 In
616 2020 684 2056 fine
704 2033 813 2056 tamen
830 2022 1017 2068 primatum
1034 2022 1177 2065 honoris
1198 2023 1348 2059 concedit
1364 2027 1465 2061 Petro
1477 2053 1484 2066 ,
1514 2027 1567 2062 sed
1588 2042 1671 2065 nun-

74 2094 177 2129 quam
193 2077 354 2116 Romanis
371 2071 595 2121 pontificibus
614 2084 620 2104 :
647 2082 793 2106 attamen
812 2071 846 2105 in
863 2070 1125 2106 resolutionibus
1143 2071 1423 2119 propositionum
1454 2077 1597 2122 Lypfiae
1620 2080 1670 2114 di·

71 2133 282 2179 sputatarum
299 2136 444 2161 numero
470 2134 523 2166 ¹5-
557 2122 741 2167 primatum
771 2120 840 2168 ejus
857 2121 1002 2156 admittit
1018 2121 1168 2156 humano
1186 2121 1284 2169 jure:
1347 2124 1387 2158 Si
1403 2126 1555 2162 Romana
1575 2132 1669 2163 eccle-

63 2181 133 2229 fia,
158 2178 289 2225 inquit,
316 2175 358 2222 est
372 2176 484 2221 prima
500 2179 641 2219 propter
654 2174 800 2217 primum
819 2171 991 2218 apostolum
1008 2172 1159 2212 Petrum,
1189 2171 1298 2206 eadem
1321 2173 1510 2220 neceffitate
1534 2177 1669 2218 confite.

73 2229 200 2266 huntur
216 2224 502 2275 Compostellanam
521 2220 582 2270 effe
597 2220 774 2267 secundam
788 2230 933 2269 propter
950 2220 1130 2267 apostolum
1139 2220 1294 2267 sanssum
1312 2221 1491 2264 Jacobum,
1509 2233 1543 2258 et
1559 2225 1668 2271 Ephe.

1511 2273 1620 2319 finam
1651 2303 1653 2313 2
