1982 2739
305 216 374 253 ῳ
586 201 658 241 m:
684 194 961 246 ANTIQUA
987 199 1256 237 ECCESIAE
1293 200 1629 237 DISCIPLINA

248 303 329 335 tem,
358 294 536 339 inquiunt,
563 291 790 329 moliebantur
808 290 1091 336 inducere,quam
1115 291 1231 326 horret
1255 299 1349 325 vetus
1371 288 1582 335 consuetudo,
1610 297 1647 324 ut
1668 291 1705 324 in
1725 289 1860 324 concilio

250 347 428 380 orientales
442 345 595 391 episcopi,
618 341 704 390 quod
714 345 814 387 forte
824 339 1036 388 statmffem,
1055 339 1096 375 ab
1122 339 1376 374 occidentalibus
1402 342 1642 384 refricaretur.
1694 339 1865 374 Similiter

251 394 410 442 quicquid
429 393 681 428 occidentalium
710 395 860 438 partium
879 392 1024 435 episcopi
1051 389 1090 424 ab
1116 389 1339 424 orientalibus
1359 391 1560 432 solveretur.
1615 391 1731 432 ltaque
1756 387 1868 435 Julius

254 444 359 477 etalii
378 442 596 477 occidentales
615 453 694 476 tunc
715 441 750 474 id
779 451 910 474 tantum
933 439 1195 478 contendebant,
1214 451 1249 472 ut
1278 437 1364 471 nibil
1392 438 1425 471 in
1454 436 1582 482 ecclesia
1606 437 1671 471 five
1690 436 1867 474 orientali.

252 491 317 526 {ive
337 492 537 527 occidentali
555 492 696 538 alicujus
715 490 879 525 momenti
897 487 1095 524 statueretur
1116 489 1199 522 citra
1219 499 1432 522 communem
1452 487 1594 521 orientis
1620 497 1651 521 et
1681 486 1863 520 occidentis

253 540 496 588 episcoporum
513 541 722 576 consensum.
776 539 872 574 idem
891 539 989 572 etiam
1007 537 1221 584 postularunt
1242 536 1457 572 occidentales
1476 536 1588 582 postea
1614 537 1648 570 in
1669 534 1806 581 epistola
1824 534 1866 570 ad

253 593 497 637 imperatorem
515 588 751 625 Theodosium
768 601 786 623 a
804 587 936 634 synodo
957 591 1105 622 Romana
1125 585 1245 632 scripta
1262 585 1301 620 de
1317 587 1469 621 Maximo
1498 596 1530 619 et
1556 583 1732 620 Nestane.
1787 585 1866 619 Non

254 641 362 681 nobis,
391 641 572 685 inquiunt,
597 640 880 686 praerogativam
899 638 1105 672 vindicamus
1123 639 1301 674 examinis,
1322 635 1383 680 sed
1402 644 1512 669 tamen
1529 637 1729 679 consortium
1747 632 1865 669 debuit

254 691 320 736 effe
337 693 511 725 communis
528 688 678 724 arbitrii.
733 691 851 732 ltaque
866 687 900 720 id
916 689 1032 731 primo
1054 687 1130 720 loco
1149 686 1319 731 petierunt
1335 696 1364 719 et
1381 684 1520 718 illorum
1550 685 1692 718 nomine
1720 682 1866 718 Romani

255 737 793 785 pontifice3,ut11ibiligoriente
819 736 958 781 alicujus
986 737 1152 781 gravioris
1178 736 1344 770 momenti
1371 734 1623 771 decerneretur,
1658 733 1741 777 quin
1767 743 1869 766 voca·

256 799 373 823 rentur
389 788 608 823 occidentales
627 787 667 820 ad
686 786 855 834 synodum
874 795 906 818 et
933 785 1133 820 consensum
1160 783 1257 820 suum
1285 782 1384 830 gestis*
1405 783 1710 817 accommodarent.
1764 784 1866 816 Hanc

256 836 318 872 esse
336 850 481 872 veterem
501 835 784 872 consuetudinem
801 833 981 869 arbitratus
1002 833 1046 869 est
1070 834 1191 881 Julius.
1247 834 1310 868 Sed
1332 833 1478 867 multum
1497 844 1635 869 vereor,
1663 844 1704 865 ne
1723 830 1779 866 ille
1796 842 1868 865 non

256 885 331 921 satis
351 885 409 921 ista
431 888 638 922 examinarit.
691 889 785 921 Nam
806 895 843 919 ut
862 896 899 917 ex
919 882 1018 918 distis
1035 883 1161 926 liquet,
1190 883 1294 918 multa
1312 884 1345 916 in
1373 884 1502 917 oriente
1521 881 1646 928 judicia
1677 880 1753 915 sunt
1778 877 1869 923 fasta

255 936 454 970 inconsultis
472 949 502 971 et
518 937 659 970 minime
679 935 804 970 vocatis
822 932 989 979 episcopis
1010 932 1289 969 occidentalibus,
1324 930 1404 966 sicut
1431 932 1466 965 in
1494 931 1665 966 occidente
1687 930 1813 964 'insciis
1836 937 1872 964 et

258 998 329 1019 non
348 987 470 1020 vocatis
500 984 740 1020 orientalibus:
777 995 807 1017 et
840 994 952 1016 tamen
979 981 1160 1024 utrobique
1186 980 1315 1025 semper
1340 980 1538 1014 confirmata
1565 990 1660 1013 erant
1687 979 1814 1024 judicia
1832 978 1870 1013 in

259 1034 363 1068 altera
380 1045 479 1079 parte
498 1033 590 1067 orbis
611 1036 758 1067 Romam
782 1033 940 1065 canonice
959 1030 1044 1074 lata3
1073 1029 1116 1066 fic
1133 1042 1169 1063 ut
1187 1029 1276 1063 reste
1294 1029 1460 1074 objiciunt
1482 1027 1663 1070 orientales
1689 1027 1816 1074 judicia
1834 1028 1872 1060 in

259 1087 458 1123 Novacum,
486 1081 668 1117 Sabellium
693 1092 724 1115 et
741 1079 962 1114 Valentinum
986 1078 1026 1112 ab
1053 1077 1320 1112 occidentalibus
1347 1078 1408 1112 lata
1434 1075 1504 1111 sine
1535 1088 1626 1111 novo
1652 1077 1805 1110 examine
1829 1075 1872 1110 ab

261 1132 480 1167 orientalibus
500 1130 695 1166 confirmata
710 1129 806 1170 sunt,
833 1140 870 1163 ac
889 1128 1048 1173 deinceps
1067 1128 1102 1160 in
1125 1127 1220 1162 causa
1231 1125 1388 1162 Coelestii
1414 1137 1445 1161 et
1462 1125 1719 1172 Pelagiijudicia
1744 1126 1779 1160 in
1795 1122 1878 1160 istos

260 1182 325 1216 lata
344 1195 361 1215 a
380 1180 511 1228 synodo
529 1179 694 1226 Ephesina
716 1178 784 1214 fine
803 1179 922 1213 iterato
944 1178 1095 1212 examine
1112 1177 1334 1223 comprobata
1353 1175 1440 1211 sunt.
1493 1178 1585 1210 Patet
1609 1176 1716 1220 igitur
1741 1174 1876 1222 Julium
1893 1183 1899 1187 “

262 1243 293 1264 et
313 1230 532 1265 occidentales
548 1230 602 1263 hic
619 1228 680 1263 effe
698 1227 830 1274 lapsos,
865 1227 949 1262 dum
975 1237 1102 1262 novum
1127 1225 1231 1261 istum
1260 1237 1393 1260 morem
1418 1235 1569 1260 veterem
1595 1222 1879 1260 consuetudinem

265 1278 327 1313 else
353 1279 508 1314 arbitrati
524 1276 612 1312 sunt.
1709 1280 1713 1281 ⁷

438 1421 496 1459 De
519 1420 741 1470 Euphratae,
768 1417 947 1456 ‚S'aeztmnini
964 1443 973 1458 ,
1001 1422 1032 1453 et
1056 1416 1200 1452 aliorum
1226 1415 1259 1451 in
1288 1415 1449 1453 occidente
1474 1416 1683 1469 dqaofitz'one.

267 1512 400 1573 5&lon
427 1523 537 1559 solum
564 1522 677 1567 ii‚qui
702 1521 736 1554 in
756 1520 909 1560 oriente,
936 1518 991 1554 sed
1020 1526 1052 1552 et
1077 1516 1147 1553 illi,
1165 1516 1226 1560 qui
1251 1515 1286 1549 in
1304 1516 1475 1552 occidente
1500 1528 1573 1553 tum
1598 1517 1746 1553 damnati
1773 1517 1873 1558 sunt,

270 1556 302 1608 „i
322 1571 346 1606 ’ἦ
381 1586 450 1608 non
483 1581 716 1618 provocarunt
747 1569 787 1604 ad
814 1573 1006 1604 Romanum
1034 1563 1230 1613 pontificem
1249 1589 1258 1606 ,
1295 1563 1350 1599 sed
1374 1564 1502 1613 judicio
1528 1566 1652 1613 synodi
1677 1569 1920 1613 provincines
1963 1592 1968 1597 -

269 1637 303 1659 ac
332 1634 521 1659 uieverunt.

308 1637 328 1669 q
416 1672 607 1717 Euphratas
626 1666 886 1714 Agrippinensis
903 1665 1016 1702 fertur
1035 1665 1095 1701 esse
1113 1665 1287 1700 damnatus
1306 1663 1340 1698 in
1359 1663 1502 1699 concilio
1522 1664 1788 1711 Agrippinensi,
1814 1676 1878 1701 nec

270 1734 381 1757 tamen
401 1718 599 1767 provocasse
615 1717 749 1763 legitur.
802 1720 931 1752 Verum
952 1729 1014 1762 ego
1035 1715 1122 1752 istud
1142 1712 1334 1758 exemplum
1350 1712 1437 1748 nihil
1455 1725 1596 1752 moror,
1624 1715 1758 1761 quippe
1779 1714 1875 1760 quod

269 1771 420 1806 censeam
441 1769 503 1805 esse
522 1768 810 1804 commentitium.

420 1820 601 1854 Saturnino
626 1815 808 1850 Arelatensi
825 1828 842 1850 a
862 1815 1045 1850 Gallicani‘s
1064 1811 1232 1860 episcopis
1251 1808 1382 1858 dejesso
1413 1812 1545 1848 nullum
1565 1811 1805 1859 appellationis
1823 1813 1879 1849 lo.

270 1882 346 1904 cum
364 1866 526 1913 superesse
544 1866 703 1902 testantur
723 1864 783 1911 ipfi
802 1864 955 1910 episcopi
973 1863 1093 1913 synodi
1116 1860 1315 1900 ParifiensiS,
1343 1874 1363 1894 a
1379 1875 1458 1908 quo,
1487 1863 1664 1906 inquiunt,
1693 1862 1880 1907 sacerdotis

269 1921 402 1952 ‘nomine
422 1921 520 1953 etiam
539 1920 768 1951 Saturninum,
790 1917 847 1963 qni
863 1915 1001 1959 statutis
1026 1910 1218 1959 salubribus
1234 1909 1417 1957 impizffime
1450 1912 1678 1951 contradixit,
1701 1912 1878 1958 secundum

263 1971 423 2014 fratrum
443 1968 622 2012 nostrorum
636 1967 789 2013 geminas
801 1967 875 2010 jam
892 1966 1029 1998 litteras
1047 1963 1349 1998 excommunicatum
1367 1959 1407 1994 ab
1427 1959 1569 1995 omnibus
1596 1961 1776 1996 Gallicanis
1796 1962 1879 2008 epis-

271 2020 356 2061 copis
383 2017 529 2050 charitas
556 2015 665 2060 vestra
692 2017 878 2061 cognoscat,
907 2025 997 2060 quem
1017 2022 1048 2047 et
1066 2021 1182 2046 vetera
1199 2009 1396 2056 dtffimulata
1406 2011 1481 2054 jam
1499 2010 1558 2044 diu
1576 2011 1653 2044 licet
1677 2012 1814 2044 crimina
1841 2017 1877 2045 et
1904 2022 1912 2025 ·

271 2075 402 2100 caetera
420 2064 512 2099 edita
529 2064 669 2110 epistolis
681 2066 750 2108 fitis
766 2073 869 2097 novae
886 2064 1088 2098 temeritatis
1111 2057 1348 2107 irreligiofitas
1372 2058 1546 2106 indignum
1572 2060 1704 2094 nomine
1730 2060 1876 2106 episcopi

265 2117 434 2161 fecerunt.

420 2159 498 2197 Post
519 2160 598 2195 baec
615 2161 648 2194 in
670 2158 783 2194 eadem
803 2160 912 2196 Gallia
930 2159 1142 2195 priscilianus
1160 2169 1177 2191 a
1192 2153 1325 2204 synodo
1359 2154 1592 2202 Burdigalensi
1619 2155 1793 2190 damnatus
1818 2166 1875 2189 an-

272 2223 317 2245 no
339 2217 417 2253 385.
436 2210 476 2245 ad
496 2211 734 2255 imperatorem
765 2211 964 2254 provocavit
990 2222 1058 2244 non
1083 2207 1123 2242 ad
1149 2210 1341 2242 Romanum
1368 2204 1577 2251 pontificem.
1629 2206 1740 2238 Notat
1763 2215 1875 2240 autem

271 2259 436 2307 Sulpicius
453 2262 613 2302 Severus,
639 2260 674 2295 id
694 2259 933 2307 episcoporum
951 2258 1166 2307 inconstantia
1191 2255 1408 2303 pcrmffum:
1435 2257 1532 2302 quia,
1563 2254 1693 2299 inquit,
1721 2261 1782 2288 aut
1797 2254 1874 2296 sen-¹

1751 2309 1824 2341 tens

1511 2359 1515 2377 s

1979 1065 1982 1075 ι

1974 1119 1978 1128 ι

1975 1222 1982 1249 ,ἱ

1975 1267 1982 1303 l
