2022 2733
299 159 808 224 MSS-ERTA‘Tmths
841 188 1184 228 HISTORICAE.
1218 191 1376 228 Disstnr.
1400 191 1483 228 vn.
1581 203 1652 237 443

103 285 178 311 rem
197 271 231 309 se
243 273 401 320 promifit
419 273 489 322 ejus
510 272 702 313 eleffionis:
755 278 883 320 Modo,
909 289 948 315 ut
961 279 1008 314 ait
1024 278 1236 320 Nauclerns,
1265 281 1375 326 copias
1384 281 1465 325 suas
1483 289 1523 314 ex
1532 279 1702 315 Alternum·

98 326 161 359 nia
182 324 228 358 ad
249 324 457 371 expellendos
472 324 606 360 rebelles
626 326 771 375 eeclesiae
787 332 952 369 mitteret,
977 329 1148 375 pollicitus
1165 331 1303 376 insuper
1314 331 1417 375 fore,
1457 337 1495 375 ξιτ
1517 327 1540 373 fi
1556 329 1702 374 promis-

90 372 254 418 fisstaret,
269 377 421 419 fratrem
439 374 530 408 illius
546 373 593 409 ad
608 376 923 424 archiepiscopatum
944 378 1190 426 Maguntinum
1203 385 1426 424 promoveret.
1477 375 1580 412 visto
1596 378 1702 423 igitur

95 429 130 457 σε
148 423 184 455 in
203 423 431 468 captivitatem
448 420 585 458 redasto
603 436 681 466 cum
696 423 801 460 fratre
819 425 879 462 suo
896 428 1049 463 Henrico
1062 451 1071 464 ,
1096 425 1292 473 Leopoldus
1316 425 1417 473 hujus
1443 426 1562 461 itidem
1578 424 1701 467 frater,

97 482 306 517 cooperante
322 483 402 517 rege
417 472 597 513 Franciae,
634 472 676 508 ad
697 476 863 522 Joannem
881 478 987 510 XXH.
1014 476 1177 517 recurrit,
1210 475 1323 520 inquit
1347 475 1558 511 Nauclerus:
1616 474 1702 510 Tum

97 520 266 562 Joannes,
293 522 406 566 pergit
423 520 515 555 idem
527 545 536 561 ‚
564 523 602 556 in
613 521 747 568 publico
763 525 938 571 consistorio
955 526 1128 560 Avenione
1141 525 1290 572 protulit
1298 525 1500 569 sententiam
1517 526 1705 558 execratio-

96 572 150 604 nis
167 572 206 605 in
222 570 426 605 Ludovicum
437 570 624 610 Batavum,
652 581 693 604 ex
712 582 766 612 eo,
792 573 880 620 quod
896 575 1033 617 miserat
1042 575 1118 619 jam
1140 575 1251 619 copias
1264 576 1342 617 suas
1360 575 1398 608 in
1414 571 1623 617 adjutorium
1633 571 1704 606 Ga-

97 619 197 655 leatia·
215 627 249 653 et
256 622 417 665 fratrum
432 620 523 664 ejus,
550 620 608 665 qui
630 622 808 666 tyrannice
834 620 1068 655 dominabatur
1083 621 1282 655 Mediolani
1297 620 1490 666 opponendo
1512 620 1620 655 eidem
1636 621 1705 655 Lu-

97 667 232 705 dov'ico,
258 666 346 714 quod
362 678 427 700 non
445 674 521 700 erat
538 668 572 700 ei
584 667 711 702 licitum
729 664 901 712 utiofficio
919 671 1152 714 imperatoris,
1178 681 1241 715 quo
1262 668 1361 715 usque
1386 668 1466 714 effer
1495 667 1707 710 confirmatus

95 715 137 751 ab
158 716 302 762 ccclesia,·
331 714 492 761 deditque
512 717 545 749 ei
561 718 737 751 terminum
755 720 861 752 trium
881 718 1032 763 menfium
1047 742 1056 758 ‚
1106 719 1208 762 infra
1235 728 1328 764 quem
1349 718 1551 751 renunciare
1568 716 1705 751 deberet

95 765 246 800 eteniam·
263 765 305 799 de
324 766 354 808 se
366 765 507 810 fabiae,
534 773 568 799 et
584 765 670 811 quod
690 769 825 800 veniret
839 767 1080 812 personaliter,
1096 766 1127 810 fi
1145 766 1245 800 vellet
1256 768 1294 810 Je
1310 766 1465 810 excufitre
1482 765 1525 800 de
1540 777 1593 806 eo,
1620 765 1707 813 quod

87 816 249 860 favorem
273 813 491 859 praestiterit
519 812 697 849 haereticis
723 823 757 848 et
780 813 958 850 rebellibus
985 813 1138 860 ecclesiae.
1166 815 1216 847 Ita
1239 814 1274 847 in
1308 816 1450 858 gratiam
1475 814 1590 849 Caroli
1613 816 1703 860 regis

94 862 324 899 Francorum,
351 872 383 895 et
400 859 549 908 Lupoldi
568 861 704 897 inventa
722 861 767 897 est
785 864 881 903 ratio,
899 872 1043 909 propter
1069 875 1171 907 quam
1189 862 1416 908 deponeretur
1431 863 1642 904 Ludovicus,
1670 873 1703 898 et

95 913 238 957 quidem
262 908 410 952 frivola;
437 921 515 944 nam
535 912 730 949 coronatio,
755 913 807 947 uti
826 913 1010 959 probatum
1029 910 1074 946 est
1090 924 1108 946 a
1121 910 1219 946 nobis
1238 922 1352 951 antea,
1381 923 1475 945 mera
1491 911 1536 946 est
1552 924 1702 948 ceremo-

94 962 168 1002 nia,
195 973 280 1005 quae
299 971 368 994 non
386 960 440 994 dat
459 959 662 1004 imperium3
691 972 749 995 aut
765 961 815 1007 jus
833 962 875 997 ad
893 963 1097 1007 imperium,
1124 959 1180 996 sed
1198 971 1328 995 tantum
1347 958 1528 1006 supponit:
1556 973 1587 996 et
1611 973 1701 997 certe

91 1023 162 1045 non
181 1009 289 1045 modo
305 1010 528 1054 imperatores
547 1008 690 1049 ethnici,
718 1008 776 1045 sed
797 1022 828 1046 et
846 1008 1020 1046 christiani
1042 1022 1162 1045 omnes
1181 1020 1258 1044 ante
1282 1009 1446 1044 Carolum
1465 1012 1653 1056 Magnum,
1680 1023 1700 1045 a

91 1071 183 1107 papa
199 1059 355 1094 coronati
372 1058 514 1093 minime
535 1056 609 1092 sunt
621 1083 629 1095 ,
656 1070 687 1093 et
703 1070 812 1094 tamen
830 1072 887 1096 eos
903 1072 1002 1095 veros
1019 1060 1243 1106 imperatores
1268 1057 1387 1099 fuisse,
1440 1060 1516 1104 quis
1543 1060 1699 1094 dubitet?

93 1115 124 1145 A
143 1108 266 1144 Carolo
286 1109 419 1153 Magno
437 1118 512 1141 mos
529 1106 687 1148 invaluit,
719 1120 772 1149 ut,
801 1111 862 1154 qui
879 1109 919 1144 ad
941 1110 1129 1155 imperium
1145 1109 1219 1156 jure
1235 1106 1445 1143 succeffionis
1465 1119 1496 1143 et
1524 1106 1698 1143 elefflonis

91 1157 353 1205 perveniebant,
381 1169 399 1191 a
415 1153 578 1203 pontifice
595 1160 750 1193 Romano
767 1159 1027 1205 inungerentur.
1078 1158 1140 1193 Sed
1166 1169 1242 1192 cum
1270 1157 1426 1192 nonnulii
1448 1158 1514 1203 jam
1542 1157 1608 1193 fine
1633 1158 1698 1192 hu-

92 1206 242 1256 jusmodi
260 1207 481 1241 coronatione
502 1204 589 1240 illud
608 1205 842 1249 obtinuissent,
871 1220 943 1243 eam
961 1207 1121 1254 pontifex
1138 1207 1310 1242 immerito
1329 1206 1513 1253 denegabat
1522 1208 1700 1242 Ludovico

90 1261 237 1297 Bavaro,
266 1266 342 1291 cum
360 1267 380 1290 a
396 1254 517 1302 majori
534 1266 631 1300 parte
649 1254 837 1292 elert-um
862 1269 893 1292 et
910 1259 1010 1304 prior
1035 1255 1158 1291 elestus
1177 1253 1299 1291 fuisset.

241 1307 359 1349 Itaque
374 1304 572 1339 Ludovicus
591 1304 709 1339 videns
729 1305 762 1340 se
780 1305 898 1353 injuste
915 1319 933 1340 a
949 1308 1080 1353 Joanne
1099 1306 1188 1351 peti,
1217 1304 1333 1339 habito
1356 1303 1519 1344 concilio,
1547 1304 1698 1350 adpella-

91 1358 146 1392 vit
162 1353 209 1389 ad
225 1355 334 1400 ipsum
347 1364 490 1399 papam,
518 1353 630 1397 inquit
651 1355 862 1395 Nauclerus,
896 1357 979 1389 male
997 1356 1240 1400 informatum,
1275 1361 1308 1386 et
1330 1351 1411 1387 bene
1435 1353 1698 1398 informandum,

89 1415 123 1442 et
140 1406 239 1441 etiam
256 1402 301 1437 ad
313 1402 487 1436 concilium
501 1402 681 1453 generale,
706 1403 834 1450 quando
849 1403 931 1449 effer
947 1403 1067 1437 Romae
1085 1401 1214 1446 insede
1240 1402 1352 1438 Petri,
1378 1401 1527 1448 mifitque
1542 1402 1699 1445 solemnes

89 1462 254 1492 oratores,
282 1451 389 1498 quise
406 1449 449 1484 de
462 1446 650 1496 praediHis
666 1455 877 1496 excusarent.-
901 1452 1011 1498 postea
1028 1462 1110 1486 vero
1125 1450 1294 1485 Ludovico
1317 1462 1382 1485 non
1406 1460 1613 1496 comparente
1633 1463 1698 1497 pa-

87 1515 136 1551 pa
152 1500 339 1546 exsecravit
359 1508 449 1537 eum,
476 1509 513 1531 ac
527 1496 569 1532 de
585 1499 708 1543 haeresi
726 1501 979 1539 condemnavit,
1006 1508 1125 1535 contra
1141 1499 1361 1534 adhaerentes
1378 1498 1557 1546 duriffimos
1573 1502 1699 1545 proces·

83 1555 141 1599 sus
157 1551 362 1596 fulminans,
389 1558 409 1579 a
427 1544 546 1592 quibus
564 1544 711 1581 omnibus
726 1547 913 1582 Ludovicus
931 1547 1133 1594 adpellavit.
1186 1547 1244 1593 Isti
1268 1548 1450 1594 proccffits.
1485 1558 1522 1582 ut
1546 1551 1599 1583 ait
1617 1551 1700 1594 fra-

92 1610 147 1637 ter
163 1598 393 1634 Hermannus,
421 1606 441 1628 a
458 1592 650 1641 quibusdam
659 1594 858 1642 striHiffime
876 1594 1156 1640 observabantur,
1190 1607 1211 1629 a
1234 1597 1349 1630 multis
1366 1607 1447 1630 vero
1473 1597 1625 1631 invalidi
1648 1608 1700 1633 re·

88 1646 319 1698 putabantur,
346 1646 426 1691 quia
444 1644 604 1678 dicuntur
618 1646 801 1678 examinati
819 1656 839 1678 a
860 1642 1047 1679 doHoribus
1062 1644 1242 1690 utriusque!
1254 1645 1366 1688 juris,
1417 1646 1475 1691 qui
1490 1645 1699 1690 judicabant

93 1711 146 1734 eos
163 1708 226 1732 non
243 1696 366 1729 valere.
418 1692 485 1727 Ima
503 1692 667 1732 Joannem
678 1704 801 1740 papam
818 1694 935 1741 magni
951 1702 984 1727 et
999 1693 1099 1728 multi
1114 1693 1263 1740 theologi
1279 1693 1419 1728 licentia
1435 1701 1468 1727 et
1486 1694 1696 1739 vita-proba-

93 1751 125 1784 si
141 1742 423 1795 dogmatizabant
439 1740 498 1786 ‘ffe
513 1742 714 1776 haereticum
728 1751 873 1788 propter
891 1752 1020 1776 errores
1041 1749 1205 1780 caeteros,
1256 1752 1332 1787 quos
1355 1744 1391 1776 in
1416 1741 1473 1776 die
1491 1741 1597 1778 obitus
1614 1742 1713 1777 dici-⁷

92 1806 152 1833 tur
169 1794 287 1842 tepide
303 1789 490 1836 revocqffe,
543 1799 577 1826 et
595 1791 750 1838 lucceffor
774 1792 871 1838 liujus
897 1802 949 1826 eos
975 1801 1105 1826 errores
1126 1792 1246 1835 fertur
1262 1789 1391 1836 publice
1409 1791 1595 1837 damnaffe,
1621 1792 1696 1838 lege

94 1843 306 1883 Nauclerurn
324 1851 472 1886 generat.
492 1849 550 1882 45,

244 1891 314 1926 His
328 1891 443 1933 itaque
459 1888 662 1935 contemptis
677 1887 881 1924 fulminibus
898 1890 1046 1922 Bavarus
1063 1887 1194 1922 Italiam
1208 1898 1346 1922 omnem
1357 1885 1554 1928 devastavit,
1582 1900 1618 1922 ac
1628 1890 1695 1923 Ro.

94 1954 186 1980 mam
203 1940 309 1987 ipsam
330 1937 524 1978 contendit,
575 1938 634 1973 ubi
652 1939 791 1984 imperii
810 1937 953 1982 sumptis
977 1935 1183 1981 insignibus,
1218 1939 1357 1971 Petrum
1383 1936 1630 1981 Corbenensem
1657 1950 1696 1972 ex

93 1990 397 2030 Franciscanorum
417 1987 538 2022 ordine
553 1986 595 2023 ad
616 1986 850 2034 pontnficatum
868 1987 990 2024 evexit,
1016 1986 1078 2030 qui
1093 1984 1259 2021 Nicolaus
1276 1986 1413 2030 quintus
1439 1984 1483 2019 est
1501 1984 1625 2020 dia-us.
1663 1989 1697 2021 Is

94 2041 312 2079 Ludovicum
332 2047 454 2082 quarto
471 2038 668 2078 coronavit,
720 2037 786 2083 jam
813 2036 902 2070 enim
923 2047 975 2070 ter
993 2033 1104 2070 fuerat
1122 2045 1323 2073 coronatus,
1374 2045 1411 2069 ut
1432 2033 1582 2070 observat
1601 2038 1695 2071 Onu-

92 2093 234 2139 phtius,
263 2098 387 2133 nempe
407 2085 611 2132 Aquisgrani
632 2087 785 2133 primum
808 2085 848 2120 ab
872 2083 1131 2130 archiepiscopo
1155 2085 1384 2130 Maguntin03
1419 2083 1584 2121 secundo,
1617 2087 1694 2118 Me-

95 2140 225 2176 diolani
242 2137 284 2173 ab
303 2134 466 2183 episcopo
482 2137 648 2178 Aretin03
670 2148 708 2171 ae
730 2136 867 2171 demum
883 2136 1010 2168 Romae
1028 2139 1090 2179 p'er
1106 2146 1253 2179 quatuor
1270 2133 1373 2169 laicos
1390 2133 1497 2175 cives,
1521 2134 1557 2168 in
1575 2131 1692 2168 absen-

95 2191 144 2226 tia
160 2185 353 2235 pontificis,
382 2184 626 2227 contendentes,
651 2194 690 2220 ut
708 2186 753 2221 ait
766 2185 973 2221 Nauclerus,
999 2183 1039 2217 id
1050 2181 1116 2230 fibi
1133 2192 1323 2231 competere.

889 2284 919 2318 K
936 2279 960 2315 k
976 2279 1001 2315 k
1030 2291 1048 2313 2
1554 2280 1644 2315 Inte-
