1982 2739
320 215 391 247 204
566 200 636 236 DE
663 197 938 242 ANTIQUA
965 194 1212 231 ECCESIAE
1239 191 1572 243 DISCIPLINA

265 291 320 330 sus
341 289 412 333 est;
438 289 479 326 fic
497 291 617 326 iterum
648 296 793 335 propter
813 283 1092 333 Chrysostomum
1118 284 1303 329 interrupta
1332 285 1546 327 communio;
1575 283 1617 320 sic
1638 297 1662 320 a
1684 285 1872 322 Coelestino

268 352 299 376 ct
318 340 449 388 Cyrillo
468 339 774 375 excommunicatus
794 334 840 370 est
857 333 1060 374 Nestorius,
1089 344 1121 367 et
1141 333 1292 380 Cyrillus
1310 346 1326 367 a
1339 335 1487 380 Joanne‚
1516 346 1574 368 nec
1596 346 1664 369 non
1685 337 1834 383 Joannes
1855 349 1874 370 a

266 389 418 437 Cyrillo:
447 400 479 425 et
502 390 573 424 a'nte
592 389 652 422 hos
671 385 829 421 eumdem
847 383 1047 419 Nestorium
1067 383 1217 428 populus
1238 394 1269 416 et
1289 383 1445 417 monachi
1463 381 1833 430 Constantinopolitani
1854 398 1873 419 a

264 438 506 474 communione
526 437 582 473 sua
603 436 836 483 segregarunt:
881 433 981 479 hujus
1001 431 1359 468 excommunicationis
1375 430 1471 476 saepe
1491 433 1874 469 memineruntRomani

265 487 463 535 pontifices,
491 499 528 523 ut
546 499 622 522 cum
640 486 803 521 Zozimus
822 484 867 518 ait
885 485 947 529 Ep.
969 494 1000 516 2.
1050 481 1230 518 'sanximus
1249 489 1437 515 memoratos
1452 479 1716 527 perturbatores
1734 486 1875 518 omnium

265 537 306 583 ab
324 538 516 584 apostolicae
534 536 660 582 nostrae
675 535 764 579 sedis
787 534 1007 567 communione
1029 531 1154 565 alienos
1174 529 1242 576 effe.
1297 527 1502 564 Caelestinus
1521 531 1579 576 Ep.
1599 532 1633 564 6.
1691 529 1875 578 Tantisper

264 597 315 625 eos
332 599 351 620 a
374 587 481 632 nostra
499 587 719 620 communione
737 583 916 626 rejicimus.
970 578 1179 615 Hormisdas
1200 581 1261 624 Ep.
1280 590 1339 622 45.
1393 579 1426 613 A
1452 579 1562 626 nostra
1579 583 1799 615 communione
1815 580 1875 615 ha-

266 634 412 671 beantur
434 637 572 681 excepti.
627 635 658 668 S.
678 635 748 666 Leo
769 632 832 675 Ep.
852 641 910 672 42.
964 628 1018 664 De
1032 627 1232 675 fratribus,
1259 640 1336 674 quos
1356 630 1583 663 communionis
1598 627 1725 674 nostrae
1744 629 1875 675 cupidos

266 684 326 730 effi?
345 687 555 731 cognovimus
554 708 582 741 ,k
600 680 875 728 adprobavimus,
903 687 942 714 ut
953 678 1089 723 suarum
1108 678 1246 712 interim
1264 677 1462 723 ecclesiarum
1480 680 1697 713 communione
1715 681 1873 719 contenti,

263 736 359 780 pacis
375 743 407 769 et
425 734 654 768 communionis
674 730 798 776 nostrae
815 730 944 762 unitate
964 728 1144 762 laetentur.

415 780 507 816 Istud
523 792 634 815 autem
652 789 850 814 contentum
866 775 927 810 esse
948 773 1098 809 ecclesiae
1115 773 1192 808 suae
1209 774 1452 810 communione
1471 772 1657 818 aliquando
1675 774 1708 808 in
1726 787 1876 819 poenam

266 829 425 867 adversus
446 828 622 876 episcopos
640 826 684 862 est
703 826 872 866 statutum,
899 836 935 858 ut
954 825 989 857 in
1006 835 1099 858 conc.
1112 823 1228 858 Carth.
1256 836 1283 867 5.
1296 835 1367 869 cap.
1384 835 1437 858 10.
1467 823 1623 871 Episcopo
1640 836 1706 858 non
1726 826 1877 859 venienti

268 880 484 928 culpabiliter
504 879 549 914 ad
559 877 723 925 synodum
740 875 981 922 provincialem
996 883 1102 918 poena
1122 875 1332 918 imponitur3
1360 881 1399 907 ut
1426 872 1568 917 ecclefiae
1586 875 1800 908 communione
1817 873 1876 907 de-

267 929 344 964 beat
362 929 422 975 effe
440 936 620 963 contentus.
633 924 737 969 Quod
756 923 798 958 {ic
817 922 959 968 explicat
977 919 1091 966 glossa.
1104 921 1165 966 Iste
1181 933 1246 955 non
1259 921 1300 964 esi
1316 922 1621 960 excommunicatus,
1634 921 1696 965 sed
1712 934 1780 956 cum
1797 924 1877 956 aliis

267 979 427 1025 episcopis
444 990 510 1012 non
528 973 785 1013 communicabit,
799 974 876 1020 quia
894 983 958 1005 non
975 971 1086 1004 veniet
1104 969 1150 1003 ad
1162 972 1299 1017 negotia
1317 971 1473 1015 ipsorum.
1503 970 1545 1002 Et
1560 980 1632 1013 cap.
1649 982 1660 1001 1
1674 981 1703 1012 3.
1737 970 1875 1016 Episco-

263 1040 336 1074 pus,
347 1029 405 1073 qui
420 1027 474 1061 Ιιοε
485 1027 627 1071 fecerit,
640 1037 658 1057 a
673 1031 874 1057 caeterorum
892 1021 1109 1054 communione
1118 1018 1288 1063 sejunft'us
1301 1018 1381 1062 suae
1392 1025 1523 1051 tantum
1533 1017 1639 1064 plebis
1653 1020 1876 1053 communione

267 1084 437 1111 contentus
447 1073 502 1121 fit.
531 1068 834 1108 HuncArelatense
847 1081 878 1103 2.
892 1081 963 1103 can.
981 1080 992 1100 1
1004 1080 1034 1111 9.
1046 1066 1191 1100 alienum
1204 1063 1282 1100 facit
1293 1078 1310 1100 a
1321 1063 1465 1100 fratrum
1477 1067 1732 1107 communione,
1743 1078 1774 1101 et
1785 1069 1876 1101 Tar-

266 1122 447 1159 raconense
456 1135 528 1169 cap.
543 1119 789 1158 munsterum
800 1116 1044 1164 episcoporum
1058 1116 1301 1150 communione
1321 1114 1441 1160 privat.
1470 1115 1541 1157 Qui
1558 1127 1667 1160 porro
1683 1115 1744 1150 hac
1762 1127 1878 1162 poena

266 1171 488 1213 feriebantur,
500 1171 592 1206 nulla
603 1168 802 1205 vifitationis
815 1166 924 1203 officia
934 1179 952 1202 a
962 1165 1112 1211 collegis,
1125 1176 1185 1199 nec
1198 1162 1337 1199 viciffim
1356 1163 1505 1208 collegae
1516 1164 1557 1198 ab
1567 1163 1648 1210 ipsis
1659 1165 1875 1210 recipiebant,

269 1233 306 1257 ut
321 1220 446 1256 constat
464 1234 501 1255 ex
520 1220 654 1256 concilii
664 1218 826 1253 Toletani
843 1229 870 1252 1.
882 1228 954 1260 cap.
977 1226 1030 1258 15.
1047 1227 1103 1248 nec
1123 1214 1276 1248 conciliis
1293 1213 1492 1259 provinciae
1507 1212 1653 1253 aderant,
1666 1225 1724 1247 nec
1741 1213 1876 1248 ordina-

267 1270 419 1305 tionibus
429 1270 672 1314 episcoporum
684 1265 747 1300 sese
766 1264 1009 1302 immiscebant,
1023 1273 1060 1296 ut
1078 1262 1118 1295 de
1128 1262 1347 1295 Armentario
1367 1258 1525 1294 statutum
1544 1259 1588 1294 est
1604 1261 1638 1293 in
1660 1261 1805 1297 concilio
1815 1265 1877 1297 Re·

269 1318 391 1364 giensi:
419 1329 538 1352 verum
557 1311 1050 1362 isthaec„excommunicationis
1071 1309 1216 1354 species,
1244 1320 1355 1354 poena
1370 1308 1487 1354 potius
1505 1307 1550 1343 est
1572 1319 1603 1344 et
1619 1307 1756 1347 mulsia,
1774 1322 1877 1355 quam

267 1380 346 1403 vera
373 1365 547 1413 seperatio.

417 1415 481 1451 Sed
503 1424 539 1449 ut
563 1412 605 1448 ad
630 1409 844 1458 propositum
871 1407 1062 1447 redeamus,
1090 1419 1167 1441 curn
1195 1404 1322 1440 ecclesia
1340 1407 1490 1441 Romana
1517 1416 1664 1452 propter
1687 1406 1876 1452 primatum

264 1477 419 1502 centrum
438 1463 474 1498 sit
493 1463 649 1502 unitatis,
676 1460 822 1508 ejusque
839 1454 972 1492 antistes
1001 1467 1209 1490 caeterorum
1229 1455 1385 1490 omnium
1416 1465 1517 1501 caput
1537 1454 1735 1490 constitutus
1754 1455 1809 1497 fit,
1837 1467 1876 1492 ut

269 1515 456 1550 schismatis
473 1513 648 1548 tolleretur
667 1508 809 1544 occafio,
836 1505 928 1541 haud
950 1504 1104 1544 dubium,
1119 1504 1202 1547 quin
1223 1514 1385 1547 magnum
1410 1516 1446 1538 ac
1466 1502 1685 1540 certiffimum
1711 1504 1749 1539 fit
1767 1518 1872 1551 argu-

267 1576 439 1603 mentum,
469 1574 525 1597 eos
544 1559 606 1595 else
630 1558 670 1593 de
691 1555 832 1596 ecclesia,
846 1556 905 1601 qui
927 1553 988 1600 ipsi
1013 1564 1174 1596 tanquam
1195 1551 1296 1596 capiti
1322 1553 1521 1594 adhaerent,
1549 1563 1581 1588 et
1605 1565 1684 1589 cum
1712 1566 1752 1589 eo
1779 1566 1873 1590 com-

267 1615 430 1650 munione
446 1612 646 1659 junguntnr.
698 1609 726 1642 E
748 1617 866 1641 contra
883 1616 964 1639 vero
985 1613 1147 1647 magnum
1168 1599 1229 1634 esse
1249 1599 1431 1636 schismatis
1451 1601 1719 1648 praejudicium,
1747 1602 1770 1636 fi
1791 1605 1869 1648 quis

267 1662 308 1698 nb
328 1663 398 1708 ejus
415 1659 656 1696 communione
673 1655 710 1691 fit
729 1655 868 1690 alienus.
923 1650 1028 1693 Quod
1055 1662 1165 1685 tamen
1191 1649 1451 1695 intelligendum
1471 1650 1516 1686 est
1539 1650 1580 1684 de
1600 1649 1762 1696 pontifice
1784 1651 1872 1698 legi-

267 1714 350 1747 time
376 1709 500 1751 elesto,
529 1720 561 1743 et
576 1706 705 1742 sedente
720 1706 754 1739 in
774 1701 932 1738 cathedra
950 1700 1059 1737 Petri,
1087 1710 1118 1734 et
1136 1697 1284 1733 clavibus
1311 1698 1371 1734 fibi
1396 1712 1414 1734 a
1435 1702 1510 1735 Deo
1534 1700 1638 1738 datis,
1665 1712 1702 1736 ut
1726 1713 1788 1746 par
1814 1699 1872 1740 est,

267 1773 390 1797 utente.
452 1762 545 1795 Nam
569 1756 592 1791 fi
621 1756 697 1801 quis
717 1751 880 1788 ecclesiam
898 1752 1095 1785 Romanam·
1119 1747 1310 1788 invaderet,
1364 1760 1395 1783 et
1426 1749 1605 1795 illegitime
1641 1750 1869 1791 ordinaretur,

266 1823 336 1846 non
353 1807 430 1844 esset
448 1820 525 1843 cum
543 1805 605 1842 isto
623 1803 822 1840 communio
846 1798 1008 1835 habenda.
1060 1796 1221 1833 Similiter
1245 1795 1267 1830 fi
1283 1795 1438 1843 pontifex
1454 1798 1489 1832 in
1513 1797 1673 1833 haeresim
1694 1799 1869 1840 incideret,

264 1872 297 1896 et
322 1873 339 1894 a
355 1857 500 1895 coneilio
527 1857 771 1902 deponeretur,
821 1851 890 1898 jam
919 1860 988 1884 non
1010 1846 1085 1883 esset
1111 1845 1333 1882 schismaticus
1360 1849 1406 1888 is,
1458 1848 1517 1893 qui
1541 1847 1582 1882 ab
1608 1860 1648 1882 eo
1671 1846 1868 1885 discederet.

263 1914 311 1946 Ac
337 1909 476 1943 demum
499 1905 521 1940 si
544 1901 724 1951 pontifices
742 1900 887 1936 Romani
909 1898 976 1933 fine
1003 1895 1097 1932 causa
1123 1896 1505 1932 excommunicationem
1530 1895 1679 1937 ferrent,
1731 1907 1870 1942 totaque

267 1956 401 1994 ecclelia
427 1956 607 2002 judicaret,
658 1949 1040 1986 excommunicationem
1075 1957 1201 1982 temere
1225 1945 1344 1983 latam.
1397 1957 1476 1981 tunc
1504 1945 1544 1982 ab
1571 1944 1649 1992 ipsis
1679 1957 1871 1981 excommu.

267 2007 369 2043 nicati
409 2017 475 2051 pro
517 2001 733 2038 schismaticis
775 1997 922 2033 habendi
964 2008 1033 2030 non
1077 1993 1194 2033 essent,
1220 1994 1325 2030 modo
1358 1996 1511 2030 animum
1553 1996 1752 2036 retinerent,
1801 1995 1869 2030 ser..

267 2055 396 2092 vandae
426 2065 504 2088 cum
522 2055 675 2086 Romano
701 2045 864 2093 pontifice
891 2046 1048 2085 unitatis,
1077 2056 1107 2080 et
1131 2044 1172 2079 ad
1198 2043 1463 2089 recuperandam
1490 2045 1560 2091 ejus
1584 2044 1866 2080 communionem

267 2106 347 2142 totis
369 2103 497 2138 viribus
518 2099 749 2135 allaborarent.
803 2097 855 2130 Sic
872 2108 969 2130 nemo
985 2093 1147 2129 Asiaticos
1161 2092 1239 2128 licet
1257 2106 1275 2127 a
1288 2091 1431 2128 ViGore
1449 2095 1757 2129 excommunicatos
1773 2092 1866 2126 dixe-

267 2156 310 2192 rit
327 2151 422 2189 fuisse
440 2149 682 2187 schismaticos,
711 2158 741 2181 et
761 2145 800 2179 ab
820 2143 950 2179 ecclelia
972 2154 1127 2178 extorres.
1190 2145 1308 2178 Nemo
1330 2144 1543 2190 Cyprianum
1561 2153 1592 2177 et
1613 2139 1792 2177 Africanos
1812 2153 1869 2175 nn·

267 2203 403 2240 titistes,
430 2212 490 2235 nec
515 2212 583 2234 non
609 2196 845 2232 Firmilianum
873 2205 903 2228 et
927 2191 1124 2232 orientales,
1149 2190 1228 2226 licet
1251 2204 1271 2226 a
1287 2194 1533 2227 communione
1550 2190 1711 2238 Stephani
1736 2188 1865 2235 pulsos,

264 2254 305 2291 ab
325 2249 452 2287 ecclefia
470 2249 595 2284 alienos
612 2244 709 2281 fuisse
733 2242 984 2292 pronuntiabit:
1013 2241 1096 2288 quin
1115 2253 1133 2275 e
1149 2252 1267 2276 contra
1283 2240 1501 2287 Augustinus
1519 2239 1616 2286 saepe
1637 2239 1766 2285 saepius
1783 2250 1867 2285 pro-

263 2303 320 2351 hat
337 2299 516 2352 Africanos
531 2297 597 2336 dici
613 2308 683 2332 non
701 2292 848 2343 potuisse
874 2291 1118 2345 schismaticos,
1147 2301 1180 2328 et
1204 2290 1481 2337 moderationem
1498 2290 1662 2339 Cypriani
1688 2299 1866 2332 nunquam

1743 2348 1813 2374 non
