2023 2760
375 216 421 249 15
626 209 701 245 DE
731 204 1012 249 ANTIQUA
1038 203 1346 238 ECCLESIAE
1373 205 1710 240 DISCIPLINA

473 297 617 334 Coneilii
635 294 781 332 Nieaeni
798 295 935 329 Canone
957 297 990 327 6.
1020 289 1186 330 statuitur,
1204 300 1240 323 ut
1260 290 1292 323 in
1312 291 1550 336 praerogativa
1566 302 1600 326 et
1628 292 1822 339 privilegiis
1840 294 1942 331 eccle·

324 350 451 385 {iarum
486 349 528 383 τοὶ
554 350 682 395 οἰςχαῖοι
709 346 753 384 'ion
778 349 933 391 κςοιτεῖτο,
962 343 1027 376 hoc
1053 337 1098 374 est
1117 351 1152 374 ut
1177 341 1316 387 antiqua
1343 340 1544 385 consuetudo
1574 340 1746 382 obtineat,
1783 355 1947 383 noverant

327 402 435 446 igitur
452 399 553 444 hujus
572 396 693 444 synodi
712 405 842 441 patreS‚
871 392 948 426 haec
965 388 1178 425 ecclefiarum
1201 388 1276 435 §ura
1295 401 1325 424 et
1341 389 1523 437 privilegia
1544 401 1615 424 non
1639 390 1700 426 esse
1722 389 1949 429 institutionis

327 447 584 495 apostolorum,
625 444 680 480 sed
707 458 746 478 ex
773 441 1015 477 consuetudine
1042 451 1161 474 ortum
1191 436 1349 474 habuiss'e.
1412 438 1570 485 Ejusdem
1596 440 1732 475 concilii
1756 443 1894 477 Canone
1914 454 1946 488 7.

324 496 492 533 sancitum
514 495 576 536 est,
604 507 641 530 ut
659 494 770 528 AEliae
787 489 948 538 episcopo
965 489 1111 524 honoris
1128 490 1366 534 praerogativa
1382 487 1605 527 concedatur,
1631 490 1825 537 Metropoli
1851 491 1949 535 (Cae.

325 547 457 593 sareae)
484 548 629 592 propria
653 544 830 591 dignitate
843 543 993 585 servata.
1047 541 1142 582 Quae
1162 548 1272 571 autem
1295 537 1359 572 alia
1383 539 1471 573 ratio
1497 539 1671 575 Nicaenos
1699 551 1809 584 patres
1833 543 1948 588 potuit

323 596 519 643 impellere,
548 605 585 628 ut
613 594 790 629 Caesareae
828 588 1123 634 metropoliticum
1149 587 1203 634 jus
1229 589 1346 632 potius
1373 599 1475 632 quam
1502 587 1613 623 AEliae
1640 587 1854 629 conferrent,
1880 590 1944 627 nifi

325 646 419 693 quod
436 645 493 679 illa
514 653 583 678 erat
601 642 802 690 provinciae
818 637 1046 684 metropolis:
1075 637 1156 671 haec
1170 649 1243 671 non
1263 636 1355 672 item.
1587 671 1590 674 ,
1911 673 1930 677 Η

472 697 511 728 ln
531 692 674 727 concilio
693 687 894 725 Taurinenii
918 687 1080 722 statutum
1108 684 1162 727 est,
1182 685 1235 720 illi
1258 687 1364 722 totius
1390 686 1592 732 provinciae
1614 689 1801 733 primatum
1828 686 1946 724 deberi
1995 705 2000 710 ·

321 748 382 794 qui
393 746 489 790 suam
509 745 679 777 civitatem
695 738 934 785 demonstraffet
957 737 1022 783 effe
1037 738 1242 782 metropolim
1254 750 1265 770 .·
1280 738 1362 780 quia
1380 735 1505 771 {cilicet
1521 748 1592 770 non
1604 736 1746 772 aliunde
1762 748 1942 783 metropo-

321 796 440 830 litanae
459 790 606 827 eccleliae
626 791 774 835 dignitas
797 789 968 834 reperitur
984 798 1088 834 quam
1105 798 1144 819 ex
1162 784 1266 830 ipsius
1286 785 1382 820 urbis
1404 785 1582 831 dignitate.

470 841 571 877 Unde
591 838 718 875 fastum
738 836 794 879 est,
812 838 852 872 fit
866 836 1018 882 episcopi
1036 834 1288 880 metropolitica
1314 836 1387 882 jura
1405 834 1590 870 ambientes
1613 834 1840 880 imperatores
1869 835 1945 874 adi.

321 905 419 930 rent,
446 905 464 926 a
492 890 615 936 quibus
642 889 781 926 obtenta
803 886 1036 931 metropoleos
1063 886 1098 919 in
1124 883 1219 918 urbis
1244 883 1319 918 suae
1346 886 1492 929 gratiam
1514 884 1705 930 dignitate,
1731 883 1942 921 ecclesiastica

320 944 424 979 >etiam
441 939 683 985 metropoleon
699 938 774 985 jura
793 948 825 971 et
840 936 1040 982 provinciae
1059 932 1290 968 ordinationes
1316 933 1530 968 invadebant.
1553 928 1555 930 ¹
1953 940 1959 944 ’

470 992 523 1025 Sic
543 989 666 1023 Valens
683 989 719 1021 in
734 986 858 1021 odium
872 983 986 1021 Bafilii
1004 982 1262 1028 Cappadociam
1283 984 1320 1016 in
1342 982 1428 1017 duas
1446 993 1560 1028 partes
1580 980 1747 1022 distraxit,
1773 980 1877 1016 -unde¹
1892 979 1942 1017 se-

320 1051 395 1076 cuta
414 1039 460 1074 est
481 1039 738 1084 provinciarum
759 1046 896 1078 quoque
916 1031 1204 1068 ecclesiasticarum
1223 1031 1374 1071 divisio„
1388 1044 1426 1066 ut
1445 1030 1535 1066 testis
1560 1034 1650 1066 Naz.
1671 1042 1754 1066 orat.
1775 1043 1832 1066 20.

470 1090 510 1124 In
529 1086 671 1120 concilio
690 1081 951 1119 Chalcedonensi
968 1079 1030 1114 ast.
1053 1092 1086 1122 4.
1114 1079 1269 1113 Phothus
1286 1080 1397 1126 Tyri,
1421 1090 1456 1114 et
1474 1077 1667 1114 Eustathius
1677 1078 1820 1126 Berythi
1846 1079 1937 1115 inter

319 1138 353 1175 se
369 1138 505 1183 litigant
523 1135 565 1170 de
583 1134 656 1178 iure
678 1130 944 1178 metropolitico.
999 1129 1068 1163 Hic
1093 1129 1184 1163 enim
1204 1127 1244 1164 ab
1271 1128 1478 1176 imperatore
1501 1127 1703 1164 Theodosio
1728 1126 1938 1174 rescriptum

318 1201 381 1235 pet·
400 1186 657 1231 {ubreptionem
676 1182 887 1217 obtinuerat,
913 1190 949 1212 ut
959 1180 1115 1224 Beryttus
1124 1176 1220 1210 fieret
1241 1177 1466 1222 metropolis..
1489 1189 1563 1222 quo
1584 1178 1770 1222 impetrato
1789 1177 1936 1223 Provin-

318 1240 447 1272 ciarum
465 1230 760 1269 ecclefiasticarum
778 1227 982 1262 divisionem
999 1227 1035 1258 in
1052 1225 1200 1269 ,quadam
1220 1223 1353 1270 synodo
1371 1223 1747 1270 Constantinopolitana
1773 1224 1849 1261 fieri
1875 1239 1937 1262 cu-

318 1295 466 1324 raverat,
491 1294 526 1317 et
541 1280 773 1317 ordinationes
789 1275 976 1312 multarum
989 1273 1214 1313 :ecclefiarum
1231 1285 1318 1317 quae
1337 1273 1436 1321 prius
1447 1274 1560 1321 Tyrio
1576 1271 1741 1320 subjestae
1757 1286 1869 1316 erant,
1886 1277 1938 1311 in-

316 1335 460 1372 ‘vaseratt
489 1331 612 1366 Photio
628 1327 792 1375 ⁴episcopo
806 1326 903 1373 Tyri
918 1323 1283 1359 excommunicationis
1305 1334 1340 1359 et
1360 1322 1584 1369 depositionis
1607 1334 1702 1358 metu
1719 1349 1728 1364 ,
1770 1324 1813 1359 ad
1838 1323 1936 1361 istam

317 1383 516 1420 divifionem
531 1377 788 1426 adprobandam
809 1373 938 1410 adaRo.
990 1376 1102 1420 Rogat
1117 1385 1203 1418 crgo
1220 1373 1438 1407 Marcianum
1455 1372 1619 1409 photius,
1638 1384 1675 1407 ut
1695 1372 1776 1408 haec
1801 1373 1836 1407 in
1854 1373 1934 1410 irri-

314 1446 391 1470 tum
407 1433 602 1469 mittantur,
629 1427 757 1472 suaque
777 1425 891 1474 Tyrio
911 1424 1075 1470 episcopo
1092 1423 1167 1470 juta
1183 1419 1411 1457 restituantur.
1463 1421 1644 1469 Judicibus
1663 1432 1696 1456 et
1712 1422 1858 1459 concilio
1881 1423 1934 1458 vi.

317 1485 390 1519 sum
409 1481 471 1520 est,
500 1480 677 1525 negotium
695 1475 782 1512 istud
802 1488 871 1510 non
891 1473 1076 1509 secundum
1094 1473 1183 1518 leges
1204 1481 1262 1505 aut
1275 1471 1520 1520 pragmaticas,
1544 1469 1602 1507 sed
1619 1470 1803 1507 secundum
1830 1484 1929 1508 cano-

316 1544 374 1568 nes
393 1530 590 1566 examinare.
642 1525 748 1562 Legio
764 1526 871 1571 igitur
888 1523 1025 1558 concilii
1039 1522 1183 1557 Nicaeni
1198 1532 1348 1558 canone,
1376 1532 1446 1565 quo
1472 1519 1570 1556 statui
1596 1521 1751 1561 videtur,
1777 1532 1814 1556 ut
1837 1533 1931 1557 unu·

314 1582 354 1618 fit
369 1582 403 1615 in
422 1593 488 1615 una
503 1577 682 1625 provincia
696 1574 1005 1621 metropolitanus,
1031 1573 1066 1606 in
1085 1570 1226 1616 gratiam
1245 1570 1336 1616 Tyri
1348 1568 1503 1616 episcopi
1520 1569 1688 1617 judicium
1706 1567 1827 1606 fertur.
1853 1573 1927 1606 Un-

315 1633 355 1667 de
374 1628 510 1667 constat,
530 1626 725 1674 provincias
740 1622 966 1660 ecclesiasticas
978 1621 1019 1656 ad
1037 1619 1188 1655 formam
1199 1618 1356 1654 civilium
1373 1617 1473 1654 fuisse
1485 1618 1573 1668 ¹olim
1603 1618 1794 1664 dispofitas,
1822 1632 1926 1666 quatt-

313 1679 502 1726 doquidem
529 1690 618 1713 unus
645 1674 932 1723 metropolitanus
952 1672 1138 1715 unicuique
1154 1669 1352 1715 provinciae
1366 1666 1700 1715 praefeansfuerat.

460 1739 535 1777 Ast.
562 1753 575 1773 1
586 1751 616 1784 3.
633 1738 668 1772 in
685 1736 782 1774 causa
801 1735 899 1771 simili
913 1730 1185 1770 Nicomedienfis
1199 1743 1233 1766 et
1246 1731 1394 1767 Nicaeni
1412 1729 1580 1778 episcopi,
1606 1729 1860 1766 Nicomedienii
1869 1731 1924 1779 jus

311 1790 610 1837 metropoliticum
630 1788 830 1826 vindicatur,
858 1798 899 1820 eo
916 1783 1011 1829 quod
1029 1781 1236 1817 Nicomedia
1251 1777 1364 1815 fuisset
1381 1781 1464 1816 olim
1479 1781 1562 1815 urbs
1578 1778 1802 1826 metropolis,
1828 1792 1862 1816 et
1877 1780 1919 1817 ab

311 1855 351 1877 eo
369 1840 490 1876 excidit
507 1841 692 1890 Nicaeuus,
711 1837 804 1882 quod
822 1838 857 1870 in
875 1834 966 1870 sacra
975 1831 1203 1867 Valentiniani
1222 1840 1255 1864 et
1270 1829 1420 1865 Valentis
1447 1842 1513 1876 qua
1522 1831 1692 1865 Nicaenae
1710 1830 1840 1864 civitati
1857 1830 1917 1865 tri-

307 1891 451 1927 buerant
468 1888 760 1936 metropoliticum
778 1887 830 1934 jus
850 1885 994 1932 proprie
1013 1882 1256 1928 praeciperent,
1275 1879 1315 1914 ab
1333 1880 1406 1915 aliis
1427 1879 1618 1915 civitatibus
1637 1878 1770 1914 nullum
1786 1879 1840 1926 jus
1858 1888 1919 1915 au-

304 1940 401 1976 ferri.
453 1942 680 1986 Quapropter
693 1937 864 1973 honorem
877 1945 1012 1970 tantum
1029 1929 1271 1976 metropolitae
1298 1929 1349 1964 illi
1371 1930 1575 1970 concedunt,
1610 1941 1679 1964 non
1704 1939 1816 1964 autem
1842 1927 1916 1976 eju!

304 1990 379 2038 juta
404 2002 435 2024 et
459 1989 647 2035 privilegia.
700 1985 804 2032 Quod
821 1984 957 2030 quidem
979 1981 1168 2029 generatim
1186 1978 1330 2015 sancitur
1347 1992 1374 2014 c.
1389 1993 1441 2016 12.
1457 1979 1499 2015 de
1517 1978 1677 2014 omnibus
1694 1979 1736 2014 iis
1755 1976 1915 2018 urbanis}

305 2051 392 2085 quae
410 2041 444 2074 in
464 2038 639 2084 posterum
654 2035 851 2081 metropolis
872 2034 1010 2069 nomine
1038 2032 1223 2066 honoratae
1250 2027 1379 2064 fuerint
1409 2029 1453 2064 ab
1473 2027 1753 2075 imperatoribus.
1805 2030 1918 2074 Atque

304 2090 385 2125 ideo
410 2088 448 2124 id
466 2085 594 2125 fastum
614 2086 676 2124 est,
702 2098 743 2121 ne
767 2083 1007 2131 episcoporum
1030 2079 1171 2115 ambitio
1197 2077 1310 2113 turbas
1327 2077 1444 2125 paffim
1463 2079 1498 2112 in
1520 2077 1660 2113 ecclesiis
1683 2077 1916 2117 excitarent(

301 2137 454 2175 formam
469 2136 619 2172 ecclefiae
635 2137 701 2182 jam
729 2134 903 2170 stabilitam
929 2131 1084 2167 funditus
1109 2139 1280 2164 everteret.
1333 2127 1574 2163 Nihilominus
1603 2138 1715 2163 tamen
1738 2137 1816 2160 cum
1840 2137 1912 2161 non

303 2187 410 2224 modo
427 2186 509 2223 urbs
525 2186 638 2233 aliqua
655 2184 911 2231 metropolitica
928 2181 1090 2227 dignitate
1106 2176 1356 2219 honorabatur,
1383 2175 1442 2213 sed
1458 2188 1489 2211 et
1504 2178 1701 2224 provinciae
1717 2173 1913 2210 divideban-

303 2249 381 2282 zur,
406 2248 476 2274 non
492 2248 570 2272 raro
590 2232 800 2274 ecclesiarum
815 2243 955 2281 quoque
970 2228 1071 2267 status
1088 2228 1215 2266 mutati
1231 2225 1356 2268 solebat
1373 2253 1384 2271 ,
1417 2226 1519 2274 idque
1543 2225 1679 2263 decerni
1695 2223 1836 2262 videtur
1859 2235 1912 2259 ca.

1766 2283 1857 2310 none
