1982 2739
297 212 370 247 266
502 211 595 248 vDE
621 210 895 258 ANTIQVA
920 209 1225 248 ECCLESIAE
1252 210 1582 250 DISCIPLINA

247 299 348 346 finam
368 301 505 335 tertiam
522 308 667 348 propter
686 301 861 349 apostolum
879 302 1019 337 tertium
1045 300 1224 343 Joannem‚
1252 308 1286 335 et
1307 299 1348 345 fic
1369 311 1433 348 per
1457 302 1608 338 ordinem
1633 299 1864 349 apostolorum:

250 351 302 386 At
318 349 399 385 ordo
417 350 474 397 isse
491 350 654 398 numquid
663 351 853 396 servatur?
883 350 957 395 ,Quo
966 353 1052 398 jure
1068 363 1150 400 ergo
1163 352 1249 398 solus
1267 350 1385 385 Petrus
1395 353 1491 397 facit
1511 354 1659 400 primam
1684 351 1840 398 ecclesiam
1850 373 1868 396 ,ρ

247 398 311 446 ’νιίβ
332 400 498 435 humano?
524 401 564 435 Et
581 399 708 436 ibidem
727 413 734 434 :
761 401 833 435 Nec
847 412 938 448 papa
959 402 1134 448 episcopis,
1161 412 1217 435 nec
1233 401 1398 447 episcopus
1413 401 1456 447 est
1469 400 1681 449 presbyteris
1702 402 1866 448 superior

244 449 327 495 jure
345 449 482 497 divino„
527 450 633 486 Unde
657 450 878 486 Melanchton
899 452 934 485 in
955 448 1051 497 epist.
1073 450 1114 485 de
1142 449 1269 496 disput.
1297 448 1458 497 Lypsica‚
1485 450 1625 497 testatur
1650 450 1868 498 quaestionem
1917 471 1921 474 -

246 498 366 546 fmjffe,
377 508 494 535 utrum
503 502 589 548 jure
606 500 724 536 divino
740 500 886 548 probari
901 500 1005 548 poſjet
1021 501 1219 536 oecumenici
1228 498 1351 547 pontifi
1357 501 1400 534 cis
1419 502 1606 540 autoritas,
1624 509 1658 534 et
1672 497 1787 545 postea
1803 499 1868 534 Lu-

252 549 368 583 thorus
384 551 581 586 oecumenici
595 549 766 597 pontificis
792 553 1012 586 autoritatem
1037 557 1241 591 veneratur,
1271 562 1306 584 ac
1324 557 1460 588 tuetur,
1486 549 1529 585 de
1548 550 1634 597 jure
1659 548 1778 584 divino
1802 546 1870 594 disl-⁴

249 600 374 646 putari
391 599 510 634 voluit.

404 647 498 683 Idem
518 647 686 683 Lutherus
705 648 740 682 in
767 647 908 695 epistola
927 648 968 684 ad
985 645 1163 683 Emserum
1181 647 1328 693 propius
1349 646 1389 682 ad
1410 659 1471 681 nos
1489 646 1658 683 accedens.
1713 647 1797 682 Volo
1817 654 1871 684 et.

250 698 385 743 inquit,
413 699 595 734 Romanum
611 697 803 745 pontificem
819 699 882 745 effe
896 701 1043 745 primum
1062 700 1206 732 omnium
1224 722 1232 734 ‚
1260 709 1376 733 verum
1396 697 1459 743 effe
1477 698 1660 732 Romanum
1674 695 1871 743 pontificem

245 750 328 795 jure
347 747 465 783 diuino
475 749 683 795 superiorem
702 749 796 783 nulla
811 751 953 794 ¹r'aticme*
976 746 1117 783 credam.
1173 750 1219 782 At
1236 746 1417 792 postquam
1446 746 1623 782 damnatus
1651 744 1696 780 est
1714 758 1732 781 a
1750 748 1868 780 Leone

254 800 294 832 X.
315 809 406 832 anno
430 810 553 842 1520.,
580 796 714 832 nullum
734 797 802 844 jam
817 796 961 832 servavit
984 796 1148 834 modum,
1181 795 1239 830 sed
1264 795 1462 841 pontificem
1487 795 1606 843 paffim
1633 793 1871 831 antichristum

252 845 443 894 adpellavit.

404 895 592 941 Zwinglius
613 896 648 930 in
667 905 851 930 comment.
872 894 914 929 ad
933 892 1056 929 Coloss.
1080 902 1180 938 negat
1207 904 1334 939 papam
1360 892 1424 927 dici
1441 891 1534 938 poffe
1562 903 1664 940 caput
1691 891 1844 928 ecclefiae
1859 916 1870 934 ,

253 946 325 981 imo
344 945 545 993 impoffibile
563 944 626 980 ess'e
643 946 707 986 ait,
734 943 902 980 visibilem
923 944 1102 979 hominem
1121 940 1184 977 effe
1199 953 1302 989 caput
1321 939 1489 984 ecclefiae,
1525 953 1603 979 cum
1628 940 1700 990 ipsa
1723 941 1760 978 fit
1785 943 1873 980 imii-⁴

250 995 365 1032 fibilis.
1849 999 1851 1001 ’

402 1042 565 1081 Calvinus
584 1042 645 1077 hac
662 1042 908 1079 re⁴Lutherum
921 1052 952 1076 et
965 1039 1171 1087 Zwinglium
1190 1039 1355 1086 sequutus
1369 1040 1414 1077 est
1432 1040 1491 1076 lib.
1513 1053 1546 1084 4.
1565 1038 1670 1077 instit.
1691 1053 1718 1078 c.
1743 1046 1774 1076 6.
1793 1041 1820 1084 §.
1842 1053 1872 1077 1.

254 1106 355 1142 negat
373 1096 560 1142 primatum
579 1104 636 1128 aut
654 1106 692 1127 ex
712 1092 838 1135 Christi
857 1090 1030 1132 instituto,
1058 1101 1115 1126 aut
1133 1103 1171 1125 ex
1192 1091 1344 1127 ecclefiae
1361 1092 1483 1127 veteris
1509 1089 1571 1126 usu
1597 1089 1772 1138 sumpsisse
1798 1090 1874 1126 ori·

255 1147 390 1192 ginem,
420 1155 451 1180 et
472 1143 550 1189 §.f8.
571 1141 772 1190 pontificem
791 1152 891 1188 negat
912 1140 972 1176 effe
987 1152 1093 1188 caput
1113 1152 1184 1175 non
1205 1138 1316 1176 solum
1335 1140 1528 1188 principale
1546 1165 1556 1179 ,
1583 1138 1639 1176 sed
1667 1153 1698 1177 et
1724 1138 1875 1180 ministe-

255 1196 352 1237 riale,
388 1207 462 1241 cap.
484 1193 563 1237 7.'§.
586 1205 616 1227 1.
641 1193 811 1239 primatus
829 1195 1002 1228 Romanae
1020 1189 1168 1226 ecclesiae
1183 1191 1362 1226 exordium
1390 1189 1512 1236 synodi
1536 1190 1711 1225 Nicaenae
1738 1190 1874 1226 decreto

256 1245 388 1281 tribuit.
441 1247 482 1279 In
501 1243 574 1277 aliis
593 1254 732 1287 quoque
749 1241 931 1288 operibus,
961 1253 998 1276 ut
1016 1241 1051 1285 in
1071 1239 1128 1275 lib.
1151 1239 1191 1274 de
1209 1253 1288 1275 vera
1314 1240 1469 1276 ecclefiae
1494 1238 1760 1276 reformatione,
1787 1240 1874 1273 etin

255 1296 380 1328 Harm.
399 1291 592 1335 evangelica
607 1291 650 1325 ad
669 1302 770 1335 caput
801 1294 857 1326 16.
885 1290 1010 1324 Matth.
1022 1313 1033 1326 ,
1084 1299 1186 1332 negat
1206 1301 1244 1322 ex
1261 1290 1412 1333 primatu
1431 1289 1518 1322 Petri
1529 1289 1702 1324 Romanae
1720 1286 1872 1323 ecclefiae

278 1342 439 1378 r'maturn
459 1339 491 1375 se
517 1340 562 1374 ui.

251 1354 276 1390 P
297 1354 308 1378 ι
404 1352 532 1425 Eadeiln
551 1387 673 1422 docent
690 1384 880 1421 Calviniani
900 1395 930 1419 et
941 1384 1140 1425 Lutherani,
1151 1384 1210 1429 qui
1227 1382 1250 1418 fi
1271 1396 1373 1429 quem
1391 1383 1549 1432 pontifici
1567 1386 1724 1420 Romano
1741 1387 1874 1432 prima·

257 1452 329 1476 tum
349 1439 508 1475 tribuunt
529 1464 537 1480 ,
560 1437 658 1473 illum
679 1446 844 1482 quantum
869 1431 1009 1481 poliunt
1034 1443 1215 1469 extenuant
1245 1445 1277 1468 et
1300 1432 1457 1470 referunt
1482 1445 1612 1470 tantum
1639 1435 1680 1470 ad
1705 1435 1872 1472 humanas

255 1489 522 1526 constitutiones.

409 1539 503 1575 Huic
519 1535 714 1584 oppositum
734 1534 836 1581 plane
852 1531 970 1568 callem
987 1529 1142 1566 insistunt
1161 1531 1319 1578 theologi
1338 1535 1510 1568 Romanae
1525 1533 1637 1568 curiae
1655 1533 1794 1579 placitis
1812 1534 1870 1570 ni-

260 1592 369 1625 mium
385 1587 532 1629 addisti,
561 1588 643 1621 dum
663 1586 752 1619 enim
778 1580 951 1629 pontificis
979 1581 1168 1627 primatum
1198 1580 1400 1623 defendunt,
1429 1581 1474 1616 ita
1502 1594 1580 1617 eum
1607 1583 1773 1619 extollunt
1793 1584 1871 1628 ,fut

257 1639 422 1675 invidiam
442 1637 505 1685 ipsi
528 1636 710 1672 maximam
729 1632 886 1668 conflent.

318 1694 321 1698 '
409 1689 528 1723 Primo
544 1686 649 1732 igitur
664 1684 759 1718 aiunt
774 1680 972 1729 pontificem
982 1682 1177 1716 Romanum
1196 1679 1257 1714 efle
1273 1679 1465 1715 absolutum
1476 1678 1623 1716 ecclefiae
1639 1681 1871 1720 manarcham,

261 1749 291 1773 et
310 1739 353 1774 ita
371 1738 444 1786 jure
463 1738 580 1772 divino
598 1732 823 1771 constitutum
848 1731 928 1773 effe3
954 1730 1187 1766 monarchiam
1205 1740 1318 1766 autern
1342 1731 1428 1766 hanc
1459 1729 1607 1766 ecclefiae
1633 1730 1727 1767 nulla
1752 1729 1874 1768 aristo-

260 1789 362 1824 cratia
382 1798 440 1823 aut
456 1786 660 1822 democratia
678 1793 902 1829 temperatam
922 1778 994 1815 effe.

410 1836 583 1876 Secundo,
613 1834 731 1869 dicunt
749 1836 942 1868 Romanum
963 1826 1161 1876 pontificem
1178 1827 1300 1864 habere
1318 1830 1426 1865 claves
1447 1839 1479 1865 et
1502 1826 1774 1877 Jurisdiffionem
1802 1831 1868 1866 im-

260 1887 403 1923 mediate
421 1900 438 1921 a
457 1890 548 1928 Deo,
576 1895 722 1920 caeteros
742 1894 854 1918 autem
878 1879 1058 1927 episcopos
1076 1879 1160 1913 hanc
1177 1892 1194 1912 a
1213 1881 1367 1915 Romano
1392 1878 1554 1925 pontifice
1581 1879 1742 1925 accipere.

412 1937 554 1974 Tertio,
583 1935 678 1969 aiunt
699 1944 776 1968 eum
796 1930 857 1966 effe
878 1927 1187 1967 controversiarum
1206 1930 1359 1964 omnium
1384 1930 1425 1964 de
1448 1929 1618 1975 religione
1644 1928 1793 1976 Judicem
1821 1926 1872 1964 su-

261 1998 438 2034 premum,
466 1984 709 2030 adpellationes
732 1981 906 2017 universae
928 1978 1076 2015 ecclefiae
1095 1977 1154 2024 ipfi
1170 1977 1243 2024 jure
1264 1978 1383 2014 divino
1411 1990 1616 2025 competere.

413 2037 564 2079 Quarto,
591 2045 669 2068 eum
687 2033 777 2078 leges
795 2031 834 2066 de
851 2043 941 2066 novo
959 2029 1103 2065 condere
1124 2026 1233 2075 posse,
1276 2040 1362 2073 quae
1382 2027 1575 2065 universam
1600 2027 1766 2066 ecclesiam
1784 2027 1870 2066 obli-

289 2096 354 2121 ent.

262 2099 284 2133 g
410 2132 560 2177 Quinto,
587 2143 663 2167 eum
683 2143 752 2166 non
773 2129 878 2166 modo
906 2127 1029 2164 debere
1054 2125 1196 2174 praeesse
1222 2126 1376 2162 conciliis
1401 2127 1583 2169 omnibus,
1611 2126 1667 2163 sed
1692 2126 1792 2163 etiam
1819 2124 1870 2162 su-

264 2197 328 2232 pra
345 2185 461 2219 omnia
478 2182 615 2217 concilia
634 2180 712 2221 else,
743 2193 773 2216 et
791 2194 808 2215 a
829 2180 964 2214 nemine
984 2178 1118 2224 judicari
1139 2176 1240 2222 posse.
1441 2214 1459 2220 ὴ

412 2236 525 2271 Sexto,
552 2225 654 2266 iidem
682 2231 837 2266 tribuunt
863 2227 1081 2275 pontificibus
1116 2226 1168 2274 jus
1203 2226 1474 2263 ordinandorum
1510 2225 1636 2272 ubique
1662 2236 1733 2260 non
1759 2223 1868 2261 modo

262 2283 535 2333 patriarcharum
561 2292 590 2318 et
617 2282 983 2330 meuopolitanorum,
1022 2276 1076 2313 scd
1105 2277 1203 2312 etiam
1222 2275 1470 2325 episcoporum.
1637 2323 1658 2360 5
1727 2323 1733 2329 ·

1663 2333 1813 2372 eptimo,

1974 2165 1979 2179 ·
1963 2040 1982 2155 ‘qanta-..-
