2022 2733
319 214 841 256 ssnxssssa‘rA‘rtoNEs
868 219 1219 261 HtsroiucAE.
1247 214 1408 261 omnir.
1435 226 1481 261 11.
1583 230 1659 271 ης

53 309 58 312 ’
85 304 189 343 {tenu
215 305 401 351 generatim
419 306 509 342 enim
531 307 647 353 petiit,
674 317 711 343 ut
725 308 840 344 omnia
857 309 892 344 in
909 321 948 344 eo
967 308 1051 345 statu
1068 322 1257 350 manerent,
1283 313 1320 348 in
1340 326 1409 359 quo
1429 323 1525 349 erant
1541 323 1618 348 ante
1644 313 1701 361 sy.-

84 354 213 390 nodum
233 367 252 389 a
277 355 664 392 Dioscoro'celebratam
679 382 687 398 ‚
715 369 775 392 nec
792 371 943 404 unquam
961 362 1139 396 Damnum
1156 361 1198 396 ab
1217 375 1253 397 ea
1278 363 1352 409 lege
1369 365 1517 411 excepit,
1545 361 1599 398 sed
1618 375 1698 400 cum

78 403 136 439 ille
153 415 314 440 mortuus
332 403 439 447 foret,
468 408 542 442 etin
562 407 633 454 ejus
650 405 765 442 locum
783 409 960 444 ordinatus
976 411 1171 453 Maximus,
1197 414 1228 447 S.
1245 415 1315 448 Leo
1334 412 1434 449 istum
1450 426 1519 449 non
1546 412 1636 448 secus
1655 425 1695 448 ac

79 453 281 490 Anatolium
299 456 335 490 in
353 457 633 492 communionem
653 454 806 502 suscepit.
859 456 1001 492 Faenum
1022 461 1145 494 Leonis
1176 461 1391 499 confirmavit
1415 462 1566 511 synodus
1595 461 1695 498 Chal-

75 502 287 545 cedonenfis,
316 516 347 540 et
363 507 509 540 Maximi
528 505 776 541 ordinationem
792 516 898 540 ratam
916 505 1042 542 habuit.
1096 511 1145 542 Ex
1164 509 1289 553 quibus
1316 512 1506 558 intelligere
1530 511 1592 553 est,
1622 524 1694 547 non

73 551 186 588 solum
203 553 403 600 pontificem
421 553 624 592 retractasse,
651 565 710 589 aut
726 553 886 601 judicasse
903 553 1032 590 causam
1050 556 1212 598 Maximi,
1249 558 1303 593 sed
1331 572 1408 595 eum
1431 563 1595 608 privatim
1620 573 1690 607 pro

76 602 168 638 bono
184 603 276 649 pacis
296 604 490 640 Maximum
508 606 543 639 in
569 604 851 639 communionem
881 602 1073 649 suscepisse,
1112 618 1181 641 non
1204 606 1296 642 secus
1334 621 1370 644 ac
1398 610 1598 645 Anatolium
1614 635 1622 650 ‚
1658 620 1691 645 et

74 651 252 698 utriusque
277 653 530 688 ordinationem
556 653 597 687 ab
622 652 775 688 universa
799 652 932 704 synodo
952 653 1216 695 Chalcedonenfi
1236 655 1334 696 fuisse
1353 659 1608 703 confirmatam
1634 656 1694 703 sed

75 701 117 738 de
135 701 232 739 causa
250 703 379 740 Domni
393 703 499 752 plura
517 702 667 741 dicemus
685 701 776 741 ahbi.

667 862 724 902 De
750 862 852 915 causa
883 863 918 902 T
913 862 1092 904 heoderiti.

725 1003 741 1016 Ι

173 1019 376 1055 heodoritus
403 1017 584 1065 episcopus
603 1021 710 1068 Cyri,
742 1023 801 1067 qui
827 1022 943 1057 causae
972 1023 1117 1068 Joannis
1143 1025 1328 1058 acerrimus
1350 1022 1469 1059 fautor
1502 1021 1630 1065 fuerat,
1656 1035 1688 1061 et

195 1069 357 1116 Eutychis
374 1080 411 1103 ac
428 1068 588 1103 Dioscuri
616 1069 796 1106 sententiae
825 1070 1062 1106 infenfiffimus
1094 1071 1295 1106 habebatur:
1322 1074 1356 1106 in
1377 1071 1508 1120 synodo
1519 1073 1688 1119 Ephefina.

70 1117 231 1156 Dioscori
251 1117 366 1153 absens
380 1144 388 1159 ,
415 1118 487 1152 imo
506 1130 539 1152 et
555 1118 661 1153 adesse
682 1119 798 1155 litteris
818 1121 1049 1165 imperatoriis
1062 1120 1280 1166 prohibitus,
1306 1121 1503 1160 damnatus;
1532 1136 1600 1167 quo
1610 1122 1688 1169 post

70 1169 159 1204 hanc
187 1167 386 1203 sententiam
414 1166 475 1201 nisi
489 1167 531 1202 ad
558 1169 778 1202 occidentales
806 1167 1025 1213 confugeret,
1059 1183 1128 1204 non
1156 1169 1305 1206 habebat.
1367 1173 1562 1218 Imperator
1593 1174 1686 1208 enim

68 1215 323 1263 Pseudosynodi
337 1215 532 1250 sententiam
552 1216 710 1248 tuebatur
723 1219 879 1250 Domnus
897 1218 1132 1252 ‘antiochenus
1150 1231 1166 1251 a
1187 1220 1353 1254 Dioscoro
1371 1218 1504 1254 illefi‘ms
1530 1221 1684 1256 Flaviani

70 1266 282 1301 damnationi
301 1263 532 1301 consenserat,
562 1275 592 1297 et
614 1262 684 1308 ipse
703 1263 815 1308 postea
833 1262 943 1298 fuerat
964 1265 1003 1297 ab
1025 1265 1141 1299 eadem
1158 1264 1291 1311 synodo
1313 1268 1490 1302 damnatus
1501 1270 1683 1307 Flavianus

69 1313 467 1359 constantinopolitanus
495 1310 695 1358 supremum
725 1313 814 1347 diem
834 1312 979 1357 obierat:
1016 1326 1134 1348 omnes
1161 1313 1271 1349 ferme
1296 1315 1474 1350 orientales
1494 1317 1683 1354 consentio..

68 1365 147 1401 bant
160 1364 339 1400 sententiae
349 1363 385 1397 in
395 1362 697 1398 Flavianumlatae.
728 1363 935 1408 Quisigitur
953 1362 1232 1410 dubitarepossit‚
1252 1366 1334 1409 quin
1355 1377 1428 1400 tum
1439 1365 1681 1403 Theodoritus

68 1414 298 1462 appellaturus
308 1411 465 1447 fueritad
475 1414 669 1446 Romanum
678 1410 887 1456 pontificem,
908 1412 930 1446 fi
940 1413 1141 1458 potestatem
1153 1413 1209 1448 ille
1219 1412 1680 1453 habuiffetadmittendarum

68 1464 339 1511 adpellationum
354 1475 392 1496 ex
412 1463 560 1500 oriente,
578 1462 618 1495 iet
633 1459 923 1497 retrassandarum'
941 1462 1113 1498 causarum
1130 1489 1138 1505 ,
1167 1476 1251 1508 quae
1266 1463 1308 1498 ad
1325 1463 1504 1511 episcopos
1520 1465 1681 1511 speciant.

68 1511 440 1558 Hincadpellationum
451 1510 589 1545 istarum
599 1511 735 1554 patroni
747 1523 815 1545 non
828 1510 984 1547 dubitant
994 1511 1133 1548 afferere
1144 1538 1152 1553 ‚
1169 1513 1429 1559 adpellationem
1448 1516 1680 1561 interpositam

67 1561 313 1600 aTheodorito
323 1560 364 1594 ad
383 1563 574 1595 Romanum
585 1557 781 1603 pontificem
802 1560 956 1606 ajudicio
967 1561 1137 1597 latrocinii
1146 1562 1318 1609 Ephefini.
1347 1565 1631 1609 Atquamleviter
1641 1567 1678 1602 id

66 1612 227 1652 afferant,
262 1609 360 1644 docet
391 1608 464 1655 ipsa
487 1607 695 1642 Theodoriti
717 1607 856 1653 epistola
881 1610 923 1644 ad
946 1614 1115 1652 Leonem,
1142 1613 1178 1646 in
1195 1625 1261 1657 qua
1277 1625 1318 1647 ne
1339 1613 1516 1648 verbulum
1535 1614 1676 1658 quidem

66 1662 234 1701 occurrit,
262 1671 332 1704 quo
354 1658 496 1705 probari
514 1667 613 1702 queat
631 1669 709 1691 eum
731 1657 923 1703 adpellaffe,
951 1661 1034 1704 quin
1052 1662 1123 1696 imo
1142 1663 1351 1697 contrarium
1371 1676 1408 1697 ex
1427 1676 1464 1698 ea
1487 1663 1672 1709 colligitur.

68 1711 223 1749 Primum
239 1709 348 1754 igitur
365 1709 401 1742 in
419 1720 458 1742 ea
475 1705 579 1741 fidem
603 1705 697 1741 suam
717 1709 875 1752 exponit,
902 1707 1043 1743 docetse
1067 1711 1256 1746 inauditum
1283 1722 1316 1745 et
1341 1711 1512 1747 absentem
1539 1713 1674 1750 damna-

65 1773 160 1801 tum,
187 1756 359 1806 pontificis
385 1768 488 1803 opem
516 1767 548 1791 et
576 1755 756 1791 confilium
776 1756 957 1802 implorat3
993 1757 1171 1803 expestare
1196 1758 1227 1794 se
1255 1761 1335 1795 dicit
1358 1760 1562 1807 apostolicae
1585 1763 1672 1800 sedis

62 1812 179 1855 ψῆφον,
206 1809 271 1842 hoc
287 1805 352 1848 est,
378 1806 542 1841 calculum
559 1818 592 1841 et
612 1804 807 1846 confilium,
845 1818 913 1840 non
942 1818 1055 1842 autem
1082 1807 1237 1855 κςιτῆξιον,
1278 1809 1344 1844 hoc
1370 1810 1432 1850 est,
1473 1810 1644 1859 judicium
1663 1840 1674 1856 ,

60 1874 100 1898 ut
110 1859 230 1896 scilicet
239 1857 280 1892 ab
299 1868 338 1891 eo
356 1856 528 1897 doceatur,
548 1853 590 1890 a'n
607 1854 739 1904 judicio
756 1855 911 1890 Diolcori
928 1854 1017 1890 stare
1029 1857 1161 1897 debeat,
1191 1858 1283 1902 quod
1299 1858 1413 1904 ipsum
1433 1859 1475 1895 sic
1502 1864 1640 1906 exponit
1658 1877 1667 1898 ε

60 1913 152 1948 Ante
179 1909 288 1944 omnia
312 1915 422 1941 autem
450 1918 548 1953 rogo,
579 1914 619 1940 ut
635 1906 737 1951 sciam
753 1918 772 1939 a
798 1904 900 1945 vobis,
919 1918 963 1940 an
982 1907 1121 1952 injustae
1139 1907 1216 1942 huic
1232 1907 1430 1953 depositioni
1447 1920 1602 1955 oporteat
1617 1925 1670 1948 ac-

63 1959 248 2010 quiescere,
275 1968 319 1990 an
335 1967 418 1992 non,
445 1955 585 2001 vestram
603 1956 689 1989 enim
704 1954 836 1999 expefflo
848 1955 1070 1998 sententiam;
1098 1965 1132 1990 et
1141 1955 1172 2002 fi
1195 1957 1356 2000 judicatis
1373 1971 1422 1993 me
1433 1959 1526 2004 stare
1551 1960 1671 1999 debere

63 2009 231 2056 afferitis,
251 2004 356 2051 stabo.
409 2006 494 2039 Non
511 2005 594 2048 petit
609 2004 715 2049 igitur
731 2003 965 2039 Theodoritus
984 2017 1001 2039 a
1018 2008 1151 2042 Leone,
1187 2017 1224 2040 ut
1246 2005 1415 2054 judicium
1441 2009 1475 2042 in
1503 2007 1535 2044 se
1561 2009 1671 2048 latum

62 2055 274 2095 retrastaret,
301 2065 332 2088 et
348 2052 532 2101 juridicam
550 2051 746 2088 sententiam
764 2052 804 2087 de
829 2052 924 2087 causa
950 2053 1007 2088 sua
1034 2054 1159 2096 ferret;
1194 2053 1249 2089 sed
1277 2068 1404 2092 tantum
1429 2069 1466 2093 ut
1491 2057 1670 2098 consilium

66 2108 180 2144 daret,
200 2117 282 2139 num
299 2102 480 2137 sententiae
495 2102 656 2147 Ephefini
671 2102 793 2150 judicii
810 2101 884 2137 licet
900 2102 1040 2152 injustae
1066 2104 1149 2139 stare
1170 2103 1324 2143 deberet,
1351 2119 1391 2141 an
1412 2108 1575 2153 potiusad
1587 2122 1670 2146 con-

66 2157 182 2192 cilium
200 2152 457 2189 occidentalium
475 2163 674 2197 provocare.
728 2154 772 2187 Et
789 2152 850 2186 hac
868 2154 900 2186 in
920 2166 957 2188 re
975 2166 1077 2199 opem
1097 2166 1195 2199 atque
1212 2155 1370 2190 auxilium
1389 2158 1535 2192 Romani
1554 2161 1671 2202 ponti-

66 2203 136 2242 ficis
154 2203 327 2252 implorat.
378 2200 516 2250 Constat
530 2202 564 2237 id
580 2215 617 2238 ex
639 2200 776 2249 epistola
790 2200 945 2252 ejusdem
962 2204 1082 2241 eodem
1107 2216 1262 2251 tempore
1286 2203 1412 2253 scripta
1435 2207 1478 2243 ad
1499 2210 1669 2246 Renatum

872 2305 901 2340 Z
929 2314 947 2337 2
1554 2309 1622 2344 Ro-
