1982 2739
316 251 389 288 248
563 237 643 280 1³!
670 235 949 282 ANTIQUA
975 234 1261 273 ECCLESIAE
1288 204 1625 275 Dlscll’LxNA

266 344 326 372 as,
354 331 445 366 idem
461 330 528 367 fuit
551 341 675 366 munus
705 340 916 364 caeterorum
942 327 1098 362 omnium
1124 323 1375 373 apostolorum,
1405 335 1436 359 et
1459 325 1494 360 id
1523 325 1591 372 ipse
1615 329 1734 362 Petrus
1761 322 1885 361 diserte

270 382 374 418 tradit
393 381 495 427 Epist.
517 393 544 416 x.
565 392 636 426 cap.
662 392 689 423 ς.
717 378 775 413 ubi
793 377 941 413 seniores
969 376 1146 420 alloquens
1175 373 1244 422 ipse
1272 373 1467 409 consenior:
1495 375 1639 419 Pascite,
1666 376 1802 420 inquit,
1830 377 1891 423 qus?

269 436 309 468 in
323 430 416 466 vobis
438 431 490 477 est,
505 441 646 478 gregem
663 429 742 464 Dei.
794 428 923 462 Eodem
942 424 1036 460 sensu
1055 424 1196 471 apostoli
1211 436 1351 460 omnes,
1378 425 1451 458 imo
1475 424 1623 470 episcopi
1646 437 1677 460 et
1694 423 1888 471 presbyteri

270 480 405 527 semper
423 478 506 514 diffi
521 478 598 514 sunt
617 476 766 524 pastores
788 479 905 512 ovium
923 473 1065 512 Christi,
1094 473 1187 519 quod
1208 475 1322 508 notius
1342 472 1394 512 est,
1415 485 1514 518 quarn
1540 486 1577 508 ut
1595 473 1736 519 probari
1759 474 1885 508 debeat.

271 531 335 567 Sed
353 530 492 565 illorum
511 527 587 563 sunt
609 526 906 562 commemoranda
927 523 1124 563 testimonia,
1148 523 1206 568 qui
1232 523 1348 557 dicunt
1361 531 1438 558 'non
1456 522 1518 557 soli
1539 525 1656 563 Petro,
1683 521 1749 560 sed,
1767 533 1798 557 et
1816 534 1889 557 cae-

272 582 354 616 teris
373 576 561 613 commissas
582 576 642 610 esse
659 589 738 611 oves
754 589 816 621 pet
835 576 914 610 haec
930 573 1030 608 verba
1045 572 1142 619 pasce
1160 585 1238 608 oves
1256 585 1356 607 meas.
1411 570 1567 606 Ambros.
1588 572 1648 608 lib.
1671 584 1701 607 2.
1719 571 1758 606 de
1778 571 1887 617 digni·

270 641 339 666 tate
360 626 556 663 sacerdotali
574 638 645 672 cap.
675 638 704 659 2.
731 628 911 671 repetitum
937 624 978 669 est
1008 630 1063 656 ter
1091 636 1112 656 a
1128 622 1290 662 Domino,
1306 623 1401 667 pasce
1423 632 1500 655 oves
1522 633 1626 657 meas:
1659 634 1738 669 quas
1759 632 1835 656 over
1853 629 1888 656 et

273 691 364 729 quem
382 676 553 726 gregem7
581 684 659 710 tunc
677 673 790 708 beatus
804 674 953 718 suscepit
971 673 1107 708 Petrus,
1129 672 1191 716 Jed
1204 681 1237 706 et
1253 672 1415 715 nobiscum
1435 682 1487 703 eas
1500 672 1665 718 suscepit,
1692 679 1726 705 et
1749 683 1822 705 cum
1849 681 1885 705 eo

274 731 349 764 illas
367 727 633 771 nosschepimus
651 735 780 758 omnes:
808 718 1073 769 Chrysostomus
1091 720 1234 755 homilia
1256 733 1312 763 79.
1344 721 1377 753 in
1405 719 1531 753 Matth.
1557 732 1646 753 amas
1671 732 1740 759 me,
1768 720 1887 759 Perre,

273 780 367 825 pasce
386 788 459 810 oves
479 786 581 813 meas,
610 773 697 820 quod
713 784 775 806 non
793 771 837 804 ad
848 770 1033 814 sacerdotes
1044 769 1239 813 solummodo
1257 769 1380 803 dt'Hnm
1398 769 1459 814 est,
1489 780 1605 802 verum
1633 771 1733 803 etiam
1758 767 1804 802 ad
1822 768 1888 812 fin-

270 828 370 876 gulos
387 824 539 866 nostrum,
557 822 672 871 quibus
690 822 742 854 vel
760 822 914 854 minimus
931 829 1024 865 grex
1040 817 1219 862 commtffus
1235 818 1298 862 effe
1309 818 1459 851 videtur.
1515 815 1656 861 August.
1669 817 1721 850 hic
1738 828 1803 862 pro
1816 828 1890 850 mo-

274 888 313 910 re
332 874 392 910 suo
408 875 455 908 ait
481 875 620 906 Petrum
647 867 771 914 gessisse
795 866 976 912 personam
1003 864 1153 899 ecclesiae
1170 890 1178 904 ,
1207 875 1238 899 et
1261 866 1297 898 in
1321 864 1412 898 illius
1440 864 1586 910 persona
1609 863 1738 899 cunffis
1764 865 1799 899 id
1827 863 1891 900 esse

275 924 406 960 disturn
424 921 482 956 lib.
501 920 541 953 de
558 922 680 964 Agone
696 915 817 951 Christ.
838 927 910 960 cap.
931 926 986 957 30.
1007 925 1084 948 cum
1104 915 1134 948 ei
1157 913 1292 948 dicitur.
1344 915 1445 949 Amas
1462 926 1527 954 me,
1557 916 1652 960 pasce
1679 926 1766 950 oves.
1790 911 1889 953 τωδὶ,

274 986 334 1018 47.
356 973 391 1006 in
409 973 573 1018 Joannem
586 995 593 1008 ,
620 979 685 1002 non
703 967 771 1012 ipso
792 966 891 1000 Petro
905 964 967 1008 Jed
982 965 1018 997 in
1042 974 1180 1010 corpore
1189 964 1268 1007 suo,
1296 965 1348 997 ait
1367 964 1466 997 Petro
1492 975 1581 997 amas
1606 975 1673 1003 me,
1699 966 1792 1009 pasce
1816 975 1889 998 oves

273 1035 370 1059 meas.
424 1016 517 1054 Baffl.
536 1018 571 1052 in
593 1014 832 1051 constitutione
850 1010 1032 1048 monastica
1047 1024 1118 1058 cap.
1142 1024 1196 1045 22.
1224 1012 1314 1049 Hoc,
1342 1012 1457 1056 inquit
1474 1037 1482 1052 ‚
1510 1025 1530 1050 a
1557 1013 1682 1058 Christo
1708 1014 1778 1058 ipso
1798 1013 1890 1047 doce-

273 1083 358 1108 mur,
378 1069 454 1104 dum
472 1068 605 1102 Petrum
622 1064 768 1110 ecclefiae
787 1067 863 1107 luae
878 1062 1039 1109 pastorem
1054 1061 1123 1108 post
1136 1063 1173 1106 se
1189 1061 1382 1107 constituit:
1409 1062 1510 1096 Perre
1529 1064 1624 1098 enim,
1646 1061 1775 1106 inquit,
1803 1074 1890 1096 amas

274 1132 324 1157 me
348 1120 425 1166 plus
443 1118 512 1152 liis:
536 1119 630 1164 pasce
649 1126 726 1150 oves
735 1125 830 1154 meas,
849 1121 881 1148 et
901 1110 1046 1147 omnibus
1095 1121 1277 1158 praeterea
1296 1109 1448 1157 deinceps
1463 1109 1652 1156 pastoribus
1669 1123 1706 1145 ac
1722 1110 1891 1158 magistris

248 1194 253 1198 ,
272 1168 418 1207 eamdem
438 1165 565 1202 tribuit
578 1164 783 1212 potestatem.
837 1164 919 1197 Uno
937 1159 1043 1196 verbo
1061 1160 1216 1205 quotidie
1233 1161 1267 1194 in
1287 1157 1379 1193 missa
1405 1159 1447 1194 de
1466 1158 1626 1194 omnibus
1652 1158 1812 1206 apostolis
1839 1159 1891 1194 di.

273 1222 380 1260 eitut3
409 1229 486 1264 quos
505 1217 612 1263 gregi
630 1224 688 1249 tuo
707 1212 875 1257 contulisti
889 1210 1040 1257 praeqffe
1066 1211 1211 1244 vicarios
1237 1218 1271 1244 et
1286 1209 1440 1254 pastorex.
1492 1212 1540 1243 At
1555 1210 1721 1252 inquiunt
1738 1203 1803 1243 hoe
1829 1207 1890 1248 dis-

273 1269 404 1304 crimen
429 1263 474 1299 est
500 1266 591 1299 inter
609 1266 745 1298 Petrum
770 1272 802 1295 et
825 1271 989 1296 caeteros,
1015 1257 1108 1303 quod
1133 1257 1170 1292 hi
1193 1268 1327 1304 partem
1357 1268 1487 1292 tantum
1515 1257 1654 1294 ovium.
1681 1257 1737 1292 ille
1768 1268 1889 1292 omnes

275 1328 354 1353 oves
382 1312 502 1362 pascat.

422 1372 639 1420 Respondeo‚
658 1371 692 1407 id
711 1383 748 1406 ex
767 1368 877 1404 verbis
888 1366 1011 1415 Christi
1029 1379 1098 1403 non
1115 1364 1219 1405 effici,
1246 1377 1323 1401 nam
1342 1378 1380 1402 ut
1400 1365 1670 1410 observavimus,
1697 1366 1892 1416 propositio

275 1427 343 1463 ista-
360 1426 455 1473 pasce
473 1435 567 1463 oves,
596 1421 642 1456 est
663 1418 837 1456 indefinita
858 1420 942 1452 etin
970 1415 1128 1457 historia,
1168 1426 1206 1451 ut
1231 1429 1248 1451 a
1273 1414 1452 1451 dialesticis
1478 1417 1696 1460 observatur,
1732 1418 1888 1464 plerum-

276 1489 346 1524 que
365 1472 577 1523 particularis
603 1469 667 1512 est,
696 1467 986 1516 quemadmodum
1013 1466 1070 1500 illa
1085 1466 1207 1499 milites
1221 1465 1404 1512 ple-{imm
1419 1478 1571 1502 coronam
1593 1468 1635 1502 de
1653 1469 1772 1515 spinis.

426 1552 503 1586 Nee
518 1545 634 1585 refert,
651 1546 745 1592 quod
760 1543 919 1580 nonnulli
936 1544 1032 1578 aiunt
1056 1544 1156 1576 Petro
1178 1541 1285 1576 totius
1303 1540 1425 1575 mundi
1449 1554 1530 1578 oves
1559 1541 1621 1578 esse
1641 1544 1842 1585 commissas.
1856 1547 1889 1584 S.

275 1605 346 1637 Leo
363 1598 460 1635 serm.
484 1610 513 1643 3.
534 1597 574 1632 de
592 1596 759 1642 Assumpt.
779 1595 927 1640 Gregor.
946 1592 1004 1626 lib.
1024 1603 1057 1634 4.
1077 1588 1182 1636 Epist.
1206 1601 1260 1633 32.
1287 1589 1531 1636 Theophila&
1551 1592 1586 1625 in
1603 1604 1675 1639 cap.
1702 1594 1764 1630 ult.
1788 1598 1892 1643 Joan-

277 1653 353 1688 nis,
381 1662 412 1684 et
427 1660 501 1684 ante
519 1648 582 1682 hos
603 1643 776 1694 Chrysost.
795 1642 930 1679 Homil.
961 1649 1016 1686 87.
1043 1642 1079 1675 in
1105 1642 1273 1687 joannem
1299 1650 1330 1673 et
1358 1646 1412 1678 80.
1440 1640 1481 1674 ad
1507 1640 1682 1686 populum
1706 1644 1892 1679 Antioche.

275 1712 378 1739 num,
406 1709 538 1733 necnon
556 1698 590 1731 in
608 1695 692 1732 sexta
709 1692 869 1729 adversus
894 1691 1057 1739 Judaeos,
1085 1701 1162 1724 cum
1187 1688 1278 1722 enirn
1306 1690 1426 1724 Petrus
1451 1701 1482 1724 et
1505 1689 1628 1734 reliqui
1652 1691 1800 1738 apostoli
1826 1705 1892 1739 pet

277 1761 390 1786 totum
410 1748 528 1783 orbem
546 1744 764 1792 praedicandi
778 1741 975 1789 potestatem
992 1737 1207 1784 accepissent,
1235 1738 1280 1772 ita
1297 1748 1335 1772 ut
1351 1738 1512 1774 omnibus
1530 1751 1562 1774 et
1578 1738 1716 1786 singulis
1734 1741 1892 1777 indefini-

277 1811 308 1836 te
324 1811 383 1845 per
404 1795 598 1834 universum
618 1795 737 1831 orbem
756 1805 834 1828 oves
854 1791 917 1826 fint
933 1786 1142 1829 commissae,
1169 1787 1236 1822 dici
1255 1786 1390 1832 possunt
1412 1789 1515 1824 totius
1537 1788 1630 1824 orbis
1648 1789 1818 1837 pastores:
1845 1789 1890 1826 sie

278 1847 544 1895 Chrysostomus
561 1843 787 1880 Timotheum
805 1843 913 1878 totius
933 1838 1026 1874 orbis
1047 1836 1244 1884 episcopum
1269 1836 1380 1872 dicere
1403 1849 1473 1872 non
1498 1849 1650 1880 veretur,
1685 1849 1720 1874 et
1744 1839 1890 1876 Paulum

278 1897 431 1943 saepius,
458 1894 659 1942 praesertim
676 1892 795 1928 homil.
826 1904 856 1925 2.
880 1890 923 1925 de
949 1887 1042 1924 Pauli
1066 1886 1234 1922 laudibus,
1286 1888 1405 1931 Itaque
1432 1890 1529 1922 Petro
1555 1888 1660 1923 totius
1686 1888 1779 1924 orbis
1807 1901 1888 1925 oves

280 1944 471 1982 commissae
490 1945 557 1979 dici
576 1942 730 1989 possunt,
759 1942 840 1986 quia
856 1952 925 1975 non
944 1939 1046 1974 unius
1063 1936 1144 1973 certi
1159 1934 1332 1982 cujusdam
1348 1937 1448 1981 regni
1477 1946 1533 1971 aut
1558 1936 1626 1972 loci
1659 1949 1741 1973 oves
1771 1949 1890 1985 regenq

280 1996 339 2031 das
356 1996 498 2040 accepit,
524 1993 578 2028 sed
596 1990 771 2027 indefinite
789 1990 893 2026 totius
912 1987 1034 2024 mundi
1051 1998 1150 2027 oves,
1175 1984 1216 2020 ad
1234 1996 1315 2029 quas
1333 1985 1390 2020 ille
1409 1984 1588 2022 accederet.

433 2074 516 2106 Sunt
535 2072 594 2117 qui
613 2071 722 2105 dicant
738 2067 823 2102 istud
836 2094 844 2109 ,
867 2070 966 2115 pafie
981 2077 1058 2102 oves
1080 2075 1181 2102 meas,
1207 2062 1248 2097 de
1273 2062 1411 2111 Judaeis
1427 2063 1573 2110 intelligi
1604 2072 1782 2111 oportere,
1802 2073 1890 2108 quae

280 2120 436 2168 speciales
454 2121 518 2155 dici
536 2117 672 2165 possunt
691 2130 773 2153 oves
792 2115 935 2157 Christi,
964 2128 995 2151 et
1020 2124 1170 2160 quorum
1194 2123 1310 2147 curam
1337 2115 1452 2148 Petrus
1476 2113 1581 2149 veluti
1606 2113 1832 2161 propriarum
1857 2121 1891 2148 et

281 2172 343 2207 fibi
364 2170 551 2217 specialiter
575 2169 851 2204 demandatarum
870 2168 988 2201 ovium
1015 2163 1151 2200 habuit:
1195 2160 1252 2197 sed
1279 2160 1338 2196 ista
1369 2162 1609 2209 interpretatio
1636 2160 1726 2197 haud
1752 2160 1889 2196 videtui.-

282 2219 345 2256 ess'e
363 2218 571 2259 verisimilis,
599 2219 677 2266 quia
694 2216 847 2252 Christus
864 2217 1003 2251 nomine
1020 2215 1136 2249 ovium
1155 2222 1187 2247 et
1203 2211 1301 2247 ovilis
1321 2209 1387 2251 sui,
1415 2224 1484 2247 non
1501 2211 1651 2259 Judaeos
1668 2221 1814 2248 tantum.
1832 2207 1889 2245 sed

283 2281 401 2308 omnes
423 2271 481 2318 qui
499 2267 560 2306 fibi
576 2268 740 2306 credituri
758 2277 851 2306 etant
867 2264 1021 2313 intelligi,
1047 2261 1185 2304 Habeo,
1211 2261 1325 2310 inquit
1333 2285 1346 2312 ζ
1371 2262 1457 2300 azias
1472 2272 1560 2305 ovet,
1578 2271 1659 2310 quae
1677 2271 1743 2299 non
1755 2260 1838 2345 stim
1847 2269 1886 2294 ex

981 2329 986 2340 ·
1803 2319 1839 2345 oc
