1982 2739
334 222 405 265 ‘17³
557 219 629 258 DE
656 218 941 262 ANTIQUA
965 214 1256 254 ECCLESIAE
1281 214 1623 254 DISCIPLINA

434 307 637 355 Respondeo
661 310 794 355 primo,
819 309 885 344 hoc
902 308 1134 344 Valentiniani
1152 308 1316 356 scriptum
1333 319 1350 342 a
1369 310 1481 342 Leone
1498 308 1608 343 videri
1627 304 1809 350 distentum,
1842 320 1900 345 nec

287 359 435 406 proinde
452 361 580 394 mirum
598 358 680 397 esse,
706 359 729 393 fi
751 360 758 392 Ξ
776 374 785 393 ι
802 360 946 405 gratiam
965 357 1137 404 pontificis
1155 359 1193 394 fit
1213 356 1422 394 confestum.

387 407 592 455 Respondeo
617 407 780 448 secundo,
808 409 863 442 hic
882 407 968 442 nihil
987 408 1112 449 haberi,
1134 409 1228 454 quod
1247 407 1369 454 probet
1389 406 1599 441 Flavianum.
1615 407 1656 441 ad
1675 408 1784 444 solum
1813 409 1900 442 Leo.

287 469 367 493 nem
384 457 576 504 adpellasse‚
605 459 675 493 imo
693 471 730 492 ex
750 458 803 492 his
825 457 940 503 colligi
967 458 1164 492 Flavianum
1191 458 1233 492 ad
1262 458 1418 492 omnium
1447 455 1707 492 occidentalium
1733 457 1901 504 judicium

284 507 498 553 provocasse:
527 507 621 554 quod
641 506 796 542 disertius
817 508 957 552 exponit
974 508 1007 541 in
1025 507 1144 543 litteris
1165 506 1231 542 suis
1249 507 1289 540 ad
1310 504 1546 540 Theodosium
1565 505 1662 539 Galla
1681 507 1902 542 PlacidiaVa-

283 556 463 592 lentiniani
482 568 603 591 mater:
630 557 710 591 Non
728 559 834 596 enim,
862 557 995 601 inquit,
1021 557 1178 592 modicum
1202 557 1435 591 detrimentum
1454 554 1513 600 est,
1531 554 1708 601 quodfides
1718 555 1903 604 perturba-

283 615 323 641 ta
332 606 378 652 fit
396 607 441 641 ad
461 605 645 642 arbitrium
662 609 757 640 unius
775 606 932 646 hominis,
961 609 1020 653 qui
1040 610 1076 640 in
1087 606 1216 653 synodo
1233 605 1415 652 Eplzelinae
1433 605 1587 639 civitatis
1603 604 1714 641 odium
1732 614 1905 640 etconten-

284 658 391 690 tiones
406 659 518 701 potius
536 654 715 700 exercuisse
734 663 916 694 narratur,
944 657 1088 690 militum
1107 657 1303 702 praesentia
1328 664 1360 688 et
1389 662 1476 688 metu
1495 655 1655 700 impetens
1679 655 1905 701 Constantino-

281 705 456 751 politanae
481 706 634 739 civitatls
661 704 844 750 episcvpum
870 704 1087 740 Flavianum,
1114 717 1149 738 eo
1167 704 1254 752 quod
1275 702 1422 737 libellum
1441 702 1486 736 ad
1500 703 1706 749 apstolicam
1719 703 1827 749 sedem
1845 706 1904 738 mi-

278 754 387 799 serit,
415 762 448 788 et
474 753 518 788 ad
542 765 647 787 omnes
672 756 832 799 episcopos
851 754 985 788 illarum
1003 756 1156 799 partium
1178 765 1241 798 per
1262 765 1322 792 eos,
1343 754 1401 799 qui
1419 751 1544 786 direHi
1564 754 1715 797 fuerunt
1733 753 1778 787 ad
1798 754 1907 788 conci==

284 803 378 837 lium.
437 805 513 837 Nae
530 814 644 836 caecos
662 813 798 847 oportet
817 799 878 834 esse
898 813 973 838 eos,
1001 803 1059 845 qui
1079 800 1156 847 post
1178 812 1245 836 tam
1265 813 1422 847 apertum
1443 800 1675 837 testimonium
1693 802 1906 837 contendunt

282 850 437 886 libellum
457 851 693 896 adpellationis
712 850 864 884 Flaviani
879 848 976 883 fuisse
993 850 1034 883 ad
1054 850 1162 884 solum
1187 854 1335 885 Leonem
1356 862 1503 895 papam,
1540 862 1608 884 non
1635 851 1676 886 ad
1704 851 1900 886 concilium.

284 901 395 936 Porro
413 913 449 935 ex
469 901 530 935 hae
549 898 697 945 epistola,
717 912 801 944 quae
817 911 933 944 graece
943 910 1042 936 extat,
1061 898 1292 944 supplendum
1305 900 1388 933 illud
1410 898 1473 940 est!
1502 900 1535 932 in
1555 899 1657 935 altera
1678 900 1825 948 ejusdem
1837 900 1909 935 Pla-

283 949 393 984 eidiae
411 950 452 984 ad
465 949 693 986 Pulcheriam‚
720 949 816 995 cujus
839 948 1024 982 versionem
1043 959 1172 982 tantum
1191 947 1372 985 habemus,
1399 948 1598 982 hoc·inloco
1616 949 1834 987 mendosam,
1861 949 1905 985 fic

284 997 318 1032 se
339 999 455 1033 habet:
483 1007 522 1033 ut
538 997 683 1033 omnibus
701 1000 854 1044 antiquis
867 997 1144 1043 permanentzbm
1163 997 1208 1031 ad
1225 997 1416 1043 apostolicae
1426 996 1536 1040 sedis,
1564 999 1600 1031 in
1610 1011 1673 1045 qua
1683 1002 1815 1045 primus
1827 1010 1908 1044 apo-

277 1047 435 1094 stolorum
463 1049 597 1087 Petrus,
632 1049 691 1094 qui
717 1050 817 1081 etiam
844 1048 953 1080 claves
993 1049 1094 1095 regni
1131 1046 1272 1086 coelestis
1303 1045 1491 1090 sacerdotii
1513 1047 1748 1092 principatum
1776 1050 1908 1085 tenuit,

282 1097 490 1143 episcopatus
506 1097 602 1142 causa
618 1099 814 1131 mittantur.
869 1098 965 1141 Haec
982 1094 1152 1141 Epistolae
1172 1095 1276 1130 verba
1296 1095 1438 1129 omnino
1457 1105 1622 1140 corrupta
1640 1094 1734 1133 sunt,
1762 1108 1792 1130 et
1805 1094 1904 1132 sensu

285 1145 387 1191 plane
405 1158 519 1182 vacua.
571 1144 809 1181 Rest'ituendus
831 1145 1002 1190 genuinus
1023 1157 1130 1179 textus
1149 1157 1187 1178 ex
1205 1143 1268 1178 alia
1298 1143 1462 1178 placidiae
1492 1143 1634 1189 epistola
1666 1145 1708 1180 ad
1735 1145 1904 1181 Theodo-

284 1194 392 1235 fium,
423 1207 566 1238 quarum
586 1195 698 1230 eadem
717 1193 762 1228 est
780 1194 955 1233 sententia,
985 1203 1025 1228 ut
1038 1194 1223 1238 secundum
1233 1196 1386 1239 formam
1406 1202 1439 1226 et
1458 1192 1684 1234 definitionem
1711 1195 1904 1240 apostolicae

280 1243 387 1289 sedis,
416 1256 512 1290 quam
530 1252 562 1277 et
579 1257 634 1278 nos
653 1253 809 1289 tanquam
825 1244 1076 1287 praecellentem
1097 1253 1298 1276 veneramur
1316 1244 1351 1274 in
1360 1241 1453 1285 statu
1464 1242 1670 1283 sacerdotii,
1697 1244 1810 1284 illaeso
1835 1255 1905 1278 ma-

284 1301 389 1326 nente
409 1303 473 1336 per
495 1294 604 1325 omnia
627 1291 794 1324 Flaviano
812 1315 819 1329 ‚
855 1290 899 1324 ad
922 1292 1090 1324 concilium
1116 1289 1306 1335 apostolicae
1327 1288 1419 1331 sedis
1435 1288 1605 1333 judicium
1631 1293 1902 1334 transmittatur.

287 1341 375 1375 Petit
391 1351 472 1385 ergo
494 1338 639 1373 Placidia
655 1339 822 1386 judicium
842 1336 1020 1372 transmitti
1038 1350 1106 1371 non
1127 1337 1166 1371 ad
1186 1335 1290 1370 s'oiam
1308 1335 1418 1370 sedem
1437 1335 1676 1382 apostolicam,
1703 1339 1757 1373 sed
1767 1339 1810 1374 ad
1821 1332 1905 1376 con-

287 1389 404 1425 cilium
423 1388 536 1435 hujus,
554 1388 595 1422 ad
614 1388 704 1432 quod
723 1387 867 1433 proinde
885 1398 1085 1431 provocarat
1104 1386 1292 1420 FPavianus.

436 1437 635 1483 Respondeo
654 1439 769 1475 tertio,
807 1435 898 1480 quod
916 1435 1043 1468 etiamsi
1064 1436 1201 1468 daretur
1234 1434 1286 1472 id,
1301 1433 1394 1477 quod
1422 1431 1542 1470 falsum
1568 1434 1614 1470 est
1640 1436 1842 1474 Flavianum
1860 1437 1904 1474 ad

287 1490 440 1523 Leonem
459 1485 655 1532 adpellasie‚·
684 1498 721 1519 ex
740 1482 836 1518 distis
856 1485 922 1530 jam
944 1482 1069 1517 constat
1089 1495 1156 1516 non
1175 1482 1241 1515 aiio
1261 1480 1348 1522 fine,
1376 1493 1434 1517 aut
1453 1484 1599 1520 concilio
1620 1485 1774 1522 libellum
1784 1487 1901 1534 adpel-

287 1537 422 1572 lationis
449 1548 527 1570 eum
546 1533 685 1571 dedisse,
714 1533 774 1568 nisi
793 1543 831 1567 ut
857 1533 928 1580 ejus
954 1543 1059 1578 opera
1087 1532 1272 1571 obtineret,
1305 1541 1344 1565 ut
1367 1531 1403 1564 in
1430 1533 1574 1567 concilio
1599 1535 1778 1570 universali
1803 1535 1900 1572 causa

288 1588 359 1633 ejus
380 1583 644 1625 retrafiiearetur3
681 1594 711 1618 et
730 1581 772 1617 sic
789 1582 1029 1628 intelligendus
1050 1581 1186 1616 videtur
1204 1580 1398 1621 Liberatus,
1426 1592 1503 1616 cum
1521 1583 1567 1616 ait
1584 1584 1783 1619 Flavianum
1804 1585 1900 1621 dam-

287 1647 406 1672 natum
433 1634 542 1671 sedem
568 1632 784 1679 apostolicam
807 1645 868 1678 per
894 1632 964 1679 ejus
990 1631 1119 1677 legatos
1148 1627 1344 1676 appellasse,
1379 1631 1444 1665 hoc
1461 1629 1526 1669 est,
1554 1629 1744 1677 confugisse
1767 1634 1808 1668 nd
1827 1647 1901 1671 eam

288 1685 401 1722 sedem
415 1711 423 1723 ‚
450 1696 489 1720 ut
507 1684 577 1731 ejus
595 1695 698 1729 opera
717 1682 885 1729 synodum
909 1681 1088 1716 obtineret.
1142 1678 1255 1719 Adde,
1283 1678 1376 1722 quod
1394 1679 1486 1714 aliud
1521 1679 1566 1714 est
1591 1679 1682 1715 sedes
1701 1681 1900 1728 apostema,

289 1737 380 1772 aliud
399 1739 574 1771 Romanus
593 1729 768 1779 pontifex,
796 1743 874 1766 cum
893 1731 1031 1767 nomine
1054 1729 1138 1765 sedis
1155 1726 1376 1774 apostolicae,
1405 1742 1476 1765 non
1493 1727 1583 1764 solus
1613 1731 1823 1778 intelligatur
1840 1732 1898 1779 pa'-

291 1799 354 1833 pa,
382 1786 435 1820 sed
455 1796 533 1819 cum
563 1795 603 1817 eo
629 1780 781 1828 episcopi
810 1781 1074 1828 provinciarum
1101 1777 1425 1820 suburbicariarum,
1461 1780 1520 1827 qui
1543 1779 1586 1814 ad
1619 1779 1690 1827 ejus
1718 1781 1902 1818 concilium

287 1833 541 1872 conveniebant.

438 1883 596 1930 Opponit
613 1882 714 1918 tertio
737 1877 947 1917 Christianus
964 1881 1086 1924 Lupus
1103 1876 1232 1913 Domni
1249 1877 1453 1912 Antiocheni
1470 1876 1717 1914 abdicationem
1728 1903 1736 1919 ,
1748 1880 1900 1916 etMaxi·

290 1936 339 1970 mi
359 1934 611 1969 ordinationem
630 1930 754 1967 faCtam
772 1931 806 1964 in
831 1929 1012 1964 latrocinio
1034 1925 1220 1974 Ephesiae,
1249 1938 1333 1971 quae
1350 1927 1477 1963 idcirco
1497 1939 1566 1962 non
1585 1927 1631 1963 est
1647 1927 1793 1968 rescissa,
1817 1929 1900 1978 quie

290 1987 464 2020 Romanus
480 1982 635 2028 pontifex
652 1984 722 2016 Leo
740 1991 816 2015 cum
836 1990 874 2012 eo
894 1979 1172 2012 communicarat.
1900 2008 1903 2011 K

441 2032 494 2067 Ad
520 2030 604 2066 istud
635 2029 830 2075 exemplum
855 2026 1068 2073 respondeo,
1118 2028 1294 2061 Domuum
1318 2023 1414 2060 fuisse
1442 2026 1639 2061 damnatum
1667 2037 1685 2060 a
1716 2025 1897 2062 latrocinio

289 2081 479 2129 Ephesino,
507 2092 545 2115 ut
561 2079 683 2126 probat
700 2077 897 2122 Quenellius
916 2079 949 2111 in
970 2075 1198 2111 dissertatione
1216 2073 1255 2108 de
1273 2074 1365 2109 causa
1381 2077 1529 2116 Domni,
1555 2087 1586 2110 et
1602 2077 1636 2110 in
1653 2074 1800 2122 ejusdem
1809 2088 1897 2121 pau-

291 2133 328 2168 10
340 2145 406 2179 pro
425 2131 674 2165 mortuilocum
685 2127 760 2174 post
771 2128 849 2162 haec
860 2127 1054 2161 ordinatum
1066 2123 1376 2160 fuisseMaximum.
1429 2126 1523 2167 Quid
1541 2125 1582 2159 ad
1595 2122 1654 2158 ista
1680 2121 1811 2159 san-stus
1824 2128 1897 2161 Leo

290 2194 322 2218 et
342 2181 491 2229 synodus
510 2177 815 2215 Chalcedonensis?
867 2178 1043 2211 Domuum
1063 2171 1234 2209 restituere
1262 2185 1330 2207 non
1361 2185 1516 2218 poterat,
1562 2183 1682 2219 utpote
1705 2172 1772 2219 jam
1801 2187 1898 2210 mor.

283 2243 407 2276 ·tuum;
442 2229 528 2264 nihil
555 2241 637 2275 ergo
657 2226 875 2273 impediebat,
905 2228 1087 2271 quominus
1108 2223 1252 2258 Maximi
1271 2223 1522 2258 ordinationem
1542 2234 1647 2257 raram
1669 2221 1807 2258 haberet
1832 2223 1898 2270 pro

288 2282 382 2321 bono
398 2281 500 2328 pacis.
555 2282 673 2325 ltaque
697 2276 822 2313 falsum
849 2274 894 2312 est
911 2279 1058 2311 Leonem
1083 2283 1228 2309 caeteros
1254 2272 1432 2321 episcopos
1458 2269 1681 2310 revestiviffe‚
1708 2271 1800 2329 hunc
1826 2284 1896 2307 non

1761 2332 1844 2358 Item
