2022 2733
289 189 796 236 nt'sSERTArioNE's
837 197 1189 241 H1s‘rontcffi.
1227 205 1455 244 nzssmm.
1507 203 1510 206 ·
1578 219 1657 254 301.

182 292 234 326 Ex
260 285 314 326 h'is
341 286 458 326 videre
484 287 528 326 est
553 302 616 336 per
640 287 742 325 fldem
767 290 857 325 Petri
882 292 951 327 non
971 292 1184 334 defuturam,
1213 295 1363 330 Leonem
1378 295 1567 342 intelligere
1585 294 1697 342 ipsam

86 337 187 376 fidem
222 353 324 385 quam
350 340 561 387 praedicavit
589 342 726 384 Petru53
755 352 816 385 per
843 337 944 376 fidem
961 355 1043 378 vero
1057 344 1113 379 seu
1131 342 1297 379 thronum
1318 347 1405 380 Petri
1426 345 1540 391 ipsum
1561 359 1630 380 non
1648 348 1699 380 in«

83 389 236 435 telligere
260 389 372 426 solum
402 393 592 425 Romanum
620 388 837 434 pontificem,
865 388 920 425 sed
947 392 1113 429 ecclefiam
1139 393 1330 429 universam
1348 397 1550 430 Romanam:
1582 394 1695 429 sensus

84 451 167 484 ergo
194 439 266 487 ejus
291 452 358 474 non
387 439 450 479 est,
478 439 567 474 haud
588 436 795 473 defefiluram
813 438 915 474 fidem
932 443 1024 478 Petri
1039 444 1077 478 in
1097 444 1260 478 Romanis
1279 443 1519 490 pontificibus,
1549 444 1604 480 sed
1625 457 1694 480 non

86 486 298 524 ‹left-auram
316 491 352 524 in
369 490 524 524 universa
541 487 673 523 ecclesia
690 490 851 522 Romana.

7 572 9 574 .
180 540 337 584 Denique
360 539 550 573 Innocentii
576 538 638 572 ΙΙΙ.
661 534 893 570 testimonium
919 538 1156 579 praecaeteris
1175 541 1386 585 opponitur,
1414 541 1479 575 hoc
1497 541 1637 576 habetur
1658 542 1692 575 in

63 599 156 634 cap.
184 588 356 634 Majores,
386 598 475 621 extra
497 587 536 620 de
562 584 733 630 baptismo
751 594 783 617 et
802 583 872 630 ejus
892 582 1033 624 effigia,
1061 585 1120 620 ubi
1140 587 1222 621 haec
1239 588 1351 622 habet.
1403 590 1560 636 Majores
1580 592 1693 634 causae

71 635 282 685 praesertim
298 636 456 682 articulos
471 634 552 675 fidei
567 635 798 682 contingentes
817 633 863 668 ad
880 634 975 667 Petri
991 634 1096 676 sedem
1115 638 1311 682 referendos
1333 640 1527 686 intelliget,
1552 642 1620 686 :qni
1637 652 1693 674 no.

14 683 18 701 ''
76 690 131 721 vit
142 699 208 733 pro
225 699 260 720 eo
284 685 449 720 dominum
472 683 635 729 exoraffiz
662 694 703 717 ne
721 681 854 724 deficiat
867 681 952 724 fides
969 684 1053 728 ejus..
1259 711 1264 715 .

176 733 378 781 Respondeo
405 734 641 768 Innocentium
667 732 733 767 hoc
757 731 912 777 poscere,
952 743 991 766 ut
1012 732 1158 780 majores
1184 733 1297 770 causte
1323 747 1359 771 ac
1381 734 1582 782 praesertim
1611 736 1692 772 fidei

74 783 118 819 ad
136 783 167 819 sc
184 783 394 824 referamur,
421 794 457 818 at
474 782 587 829 ipsum
607 794 678 816 non
694 781 875 816 dicereeas
890 782 1052 827 {upremo
1070 794 1101 818 et
1123 782 1295 820 infallibili
1311 785 1437 833 judicio
1455 798 1473 821 a
1492 785 1525 821 se
1541 786 1693 843 judicat*

77 833 245 869 das:.nec
268 834 334 869 al'io
359 831 427 868 fine
452 832 591 868 adducit
615 831 694 866 haec
711 830 814 866 verba
829 829 955 866 Christi
971 830 1011 866 ad
1032 834 1188 868 Petrum:
1216 835 1293 884 Ego
1313 838 1436 884 rogavi
1448 848 1512 882 pro
1531 845 1564 871 te
1579 838 1690 874 Fen-e,

76 893 116 919 ut
141 895 205 919 non
231 883 367 927 deficiat
387 882 480 926 fides.
535 884 630 928 Ergo
646 880 821 916 immerito
838 880 879 916 ab
898 879 1096 917 adversariis
1111 884 1154 918 ad
1172 884 1386 929 probandam
1406 883 1686 921 infallibilitatem

75 933 311 973 adducuntur,
339 945 417 968 cum
441 945 478 966 ex
506 931 547 966 iis
562 943 691 967 tanturn
708 931 832 977 probet
850 932 1069 967 Innocentius
1089 933 1201 971 causas
1214 933 1360 981 majores
1379 934 1419 968 ad
1438 933 1469 969 se
1485 934 1688 976 referendas,

75 994 106 1016 et
133 981 199 1017 alio
226 983 261 1016 in
285 982 361 1016 loco
387 980 510 1016 diserte
535 981 622 1016 dicat
643 980 678 1014 {e
697 981 731 1014 in
751 979 815 1015 fide
833 979 927 1026 poss'e
944 980 1121 1019 aberrare,
1147 993 1178 1017 et
1194 982 1235 1017 ab
1253 982 1384 1018 ecclesia
1400 983 1565 1031 judicari,
1589 984 1687 1019 serm.

69 1029 193 1067 scilicet
212 1043 242 1076 3¹,
263 1030 303 1066 de
326 1029 577 1065 consecratione
597 1030 743 1065 Romani
770 1028 964 1076 pontificis,
990 1030 1049 1065 ubi
1069 1029 1111 1066 fic
1134 1031 1311 1076 loquitur:
1339 1033 1381 1067 In
1395 1041 1525 1068 tantum
1546 1034 1630 1069 milti
1644 1032 1686 1073 fi-

73 1082 129 1117 des
153 1081 330 1128 nectffaria
355 1080 418 1126 est,
446 1088 485 1115 ut
504 1090 574 1115 cum
592 1079 633 1114 de
657 1083 796 1114 caeteris
817 1081 961 1126 peccatis
978 1080 1087 1115 Deum
1100 1081 1250 1127 judicem
1267 1080 1420 1123 habeam,
1449 1081 1487 1118 ob
1505 1091 1690 1129 peccatum,

73 1130 162 1179 quod
180 1133 216 1165 in
227 1130 303 1173 fide
319 1132 538 1164 committitur
553 1155 562 1170 ‚
587 1127 695 1176 poffim
714 1127 755 1163 ab
775 1128 902 1175 ecclesta
912 1129 1080 1175 judicari.
1132 1133 1242 1166 Porro
1261 1142 1437 1177 peccatu-m
1455 1131 1490 1166 in
1511 1129 1578 1166 fide
1595 1143 1685 1166 com-

71 1181 163 1215 mitti
194 1192 262 1214 non
289 1177 416 1224 potest,
444 1179 484 1212 de
509 1191 577 1222 quo
606 1177 737 1212 ecclesia
764 1176 864 1222 poffit
891 1177 1097 1223 cognoscere
1122 1191 1154 1214 et
1179 1180 1344 1226 judicare,
1372 1180 1432 1215 nisi
1455 1179 1513 1216 fiat
1528 1180 1684 1216 docendo

71 1241 220 1276 pravum
246 1228 385 1272 aliquod
415 1228 548 1271 dogma.
603 1228 684 1259 Hoc
709 1237 822 1259 autem
847 1225 910 1271 ipsi
931 1229 1129 1262 innocentio
1152 1231 1314 1274 contigit:
1343 1229 1516 1265 consultus
1531 1231 1622 1264 enim
1641 1229 1683 1264 ab

69 1279 184 1322 aliquo
211 1277 327 1311 abbate
353 1274 559 1310 Cisterciensi
588 1274 627 1309 de
646 1273 810 1318 quodam,
833 1275 893 1318 qui
919 1273 980 1308 fibi
1006 1275 1169 1310 confessus
1188 1275 1301 1312 fuerat
1317 1277 1347 1311 se
1365 1276 1686 1316 cel'ebraffemiffas,

66 1327 123 1363 etsi
151 1327 257 1361 laicus
281 1324 374 1362 esset,
410 1335 441 1358 et
465 1322 513 1357 sic>
529 1324 628 1359 vellet
654 1334 873 1371 permanere,
907 1335 948 1358 an
973 1322 1087 1369 polset·
1109 1325 1143 1359 in
1169 1325 1239 1360 hoc
1254 1325 1328 1361 casu
1348 1326 1502 1361 revelare:
1515 1326 1685 1362 secretum

65 1375 300 1414 confeffionis,
327 1388 367 1410 ex
388 1372 526 1409 confilio
546 1372 769 1410 cardinalium
795 1372 924 1409 censuit
942 1375 1165 1410 Innocentius:
1179 1375 1402 1410 revelandum:
1423 1374 1537 1411 ess-ein
1550 1389 1590 1412 eo
1606 1374 1686 1411 casu

65 1425 280 1464 confessionis
301 1426 478 1460 secretum.
529 1424 569 1458 Id
586 1421 692 1459 refert
709 1422 886 1458 Caesarius
904 1421 1126 1459 Cisterci'enfis
1147 1425 1333 1460 monachmz
1346 1426 1546 1461 Innocentio
1564 1438 1682 1471 aequa-

66 1477 129 1514 lis,
157 1476 216 1512 lib.
245 1487 274 1519 3.
294 1473 370 1509 hist.
399 1472 585 1508 memorab.
613 1485 638 1506 c.
659 1484 713 1515 32.
734 1471 795 1506 ubi
812 1474 878 1511 ait,
905 1474 1093 1508 Innocentii
1111 1474 1343 1521 responsionem
1360 1474 1557 1522 [impliciter
1572 1485 1605 1511 et
1622 1475 1681 1510 ab·

30 1522 33 1524 ’
61 1528 172 1573 solute
199 1526 333 1564 datam,
361 1534 428 1558 non
449 1522 554 1565 solum
580 1523 739 1556 communi
764 1523 993 1570 theologorum
1016 1523 1193 1559 doflrinae
1211 1523 1411 1569 adversari,
1432 1525 1611 1570 sedetiam
1628 1528 1680 1560 vi-

67 1575 144 1611 deri
161 1583 359 1621 repugnare·
375 1571 592 1616 Lateranenfi
610 1570 744 1605 concilio
760 1582 785 1604 c.
807 1581 824 1602 2
835 1582 861 1604 1.
886 1569 946 1612 sub
959 1571 1072 1606 eodem
1087 1573 1288 1609 Innocentio*
1305 1573 1477 1612 celebrato.

164 1625 214 1657 Ex
231 1622 283 1657 his
304 1619 451 1660 abunde,
479 1620 514 1654 ni
530 1616 642 1659 fallor,
671 1616 937 1654 demonstratum*
950 1619 1115 1656 habemus·
1129 1621 1216 1656 nihil
1234 1621 1364 1658 adferri
1381 1623 1487 1670 posse,
1507 1635 1579 1669 quo·
1594 1636 1679 1659 vere·

64 1672 239 1717 solideque
263 1670 413 1706 Romani·
435 1668 608 1716 pontificis
632 1670 668 1704 in
695 1668 795 1704 rebus
822 1666 903 1704 fidei
918 1667 1116 1708 definiendis
1131 1670 1360 1714 infallibilitate
1373 1671 1558 1712 astruaturz
1583 1684 1679 1709 nunc

64 1721 106 1760 ad
125 1721 188 1759 alia
202 1730 444 1771 properemus,
