1940 2728
237 241 311 282 4⁶8
436 234 508 270 DE
559 229 836 276 ANTlQUA
869 226 1160 263 ECCLESIAE
1211 225 1551 265 DISCIPLINA

191 325 378 373 nostrarum
395 333 529 357 numero
545 319 605 368 est,
634 327 671 355 ut
688 318 959 367 quemadmodum
978 318 1054 352 heri
1069 316 1192 360 servis,
1219 328 1335 352 uxores
1353 318 1507 357 maritis,
1525 315 1647 362 ecclefia
1664 315 1806 355 domino,

193 372 350 420 discipuli
373 369 563 420 pastoribus
581 383 616 405 ac
634 367 821 404 doHoribus
839 367 1086 414 obtemperant,
1112 367 1163 400 ita
1179 378 1238 401 nos
1258 369 1360 402 etiam
1379 366 1506 401 cunfiis
1524 364 1741 412 potestatibus
1760 370 1808 408 lu-

190 421 476 471 pereminentibt‚s
489 418 634 464 subjefii
648 417 757 463 fimus,
785 430 853 453 non
875 425 1005 452 tantum
1027 423 1175 463 propter
1199 418 1304 455 iram,
1325 416 1388 461 sed
1404 417 1504 451 etiam
1526 422 1668 461 propter
1690 411 1810 460 consci-

192 476 333 509 entiam,
360 479 418 508 ut,
446 471 505 517 qui
528 468 658 505 tributo
682 467 857 514 pendendo
865 465 965 514 fimus
985 464 1148 504 obnoxii,
1176 466 1229 500 lex
1247 466 1371 509 Christi
1392 477 1449 501 vos
1482 475 1611 512 quoque
1642 474 1711 500 meo
1738 473 1809 500 tum

191 523 353 569 imperio,
380 529 449 555 tum
458 519 542 564 solio
549 517 690 564 subjicit
701 542 709 556 ,
737 529 811 552 nam
831 525 865 552 et
880 528 936 551 nos
952 517 991 550 in
1005 513 1165 561 potestate
1173 515 1296 560 sumus.
1797 540 1801 544 ,

344 565 607 615 chrysostomus
625 565 744 600 homil.
767 577 823 610 23.
843 565 878 599 in
896 563 997 610 Epist.
1015 563 1057 598 ad
1076 566 1176 600 Rom.
1229 561 1446 609 Potestatibus
1471 573 1513 597 ex
1539 561 1650 598 debito
1678 561 1812 598 obedire

188 618 308 668 jubet,
336 617 512 661 ostendens,
527 616 615 664 quod
632 615 691 662 ista
708 617 916 661 imperentur
932 612 1078 648 omnibus
1101 621 1133 647 et
1144 611 1378 658 sacerdotibus
1401 620 1432 646 et
1455 612 1641 652 monachis,
1667 624 1735 646 non
1756 613 1811 656 so-

194 671 262 704 lum
278 664 506 714 saecularibus
530 665 587 705 id,
615 663 703 710 quod
716 663 827 707 statim
848 665 885 696 in
902 663 970 709 ipso
987 660 1129 696 exordio
1142 661 1311 701 declarat,
1340 673 1409 695 cum
1438 660 1541 700 dicit,
1571 663 1673 696 omnis
1698 662 1812 695 anima

192 715 407 764 potestatibus
424 711 678 759 sublimioribus
690 711 830 756 subdita
843 711 907 757 fit,
934 710 1056 755 etiamst
1077 710 1237 755 apostolus
1255 710 1299 756 fis
1315 734 1324 746 ,
1348 710 1378 754 fi
1403 709 1608 756 evangelista
1630 735 1638 749 ,
1679 710 1711 756 st
1731 722 1812 756 pro-

190 767 314 814 pbeta,
330 765 404 811 five
429 764 573 810 quisquis
599 761 732 795 tandem
753 762 896 804 fueris,
922 769 987 792 non
1015 760 1100 792 enim
1123 760 1285 803 pietatem
1313 762 1439 792 evertit
1460 759 1519 803 ista
1539 757 1722 804 subjefffio,
1750 767 1810 794 etc.

345 810 546 847 Ambrofius
565 810 599 842 in
618 811 696 842 Luc.
715 807 772 841 lib.
789 818 823 849 4.
837 818 910 852 cap.
931 818 960 849 5.
1014 806 1187 852 Magnum
1205 805 1336 853 quidem
1356 805 1397 850 est
1409 807 1554 849 speciale
1573 807 1813 846 documentum,

194 876 258 912 quo
274 862 448 908 christiani
465 860 540 893 viri
555 854 804 899 sublimioribus
817 853 1033 902 potestatibus
1050 854 1210 889 docentur
1229 853 1294 901 effe
1303 853 1452 900 subjec‘ii
1465 878 1473 894 ,
1499 864 1541 888 ne
1567 857 1641 903 quis
1661 855 1814 901 constitu-

194 915 319 949 tionem
338 910 469 945 terreni
484 909 576 955 regis
592 913 691 952 putet
712 903 775 951 effe
785 904 989 950 solvendam.

344 961 385 993 Et
406 956 463 992 lib.
490 968 542 991 10.
562 967 633 1001 cap.
661 967 717 990 πο.
744 955 783 989 Si
808 963 846 988 tu
861 965 929 988 non
953 955 1006 987 vis
1023 953 1088 1000 effe
1107 952 1268 988 obnoxius
1290 952 1439 996 caesari,
1474 953 1544 987 noli
1566 951 1703 993 habere,
1730 964 1816 1001 quae

194 1009 313 1045 mundi
330 1010 429 1052 sunt,
449 1005 550 1052 sedfi
573 1003 668 1040 habes
686 1004 847 1043 divitias,
876 1002 1035 1037 obnoxius
1062 1016 1092 1038 es
1121 1003 1264 1047 caesari,
1300 1011 1332 1034 et
1352 1012 1437 1037 orat.
1466 1012 1584 1037 contra
1607 1004 1814 1038 Auxentium

194 1056 300 1104 Epist.
323 1069 377 1102 32.
396 1055 455 1092 hb.
480 1067 507 1098 5.
527 1054 556 1102 fi
576 1053 742 1088 tributum
756 1055 850 1100 petit
875 1055 1078 1099 imperator,
1105 1064 1172 1087 non
1197 1062 1377 1099 negamus,
1405 1054 1489 1100 agri
1513 1051 1656 1099 ecclesiae
1675 1054 1815 1098 fhlvunt

194 1107 383 1144 tributum:
407 1105 432 1151 fi
449 1117 545 1153 agros
565 1102 726 1151 defiderat
744 1105 952 1150 imperator,
976 1101 1168 1150 potestatem
1184 1099 1283 1136 habet
1301 1100 1582 1137 vindicandorum
1596 1127 1605 1143 ‚
1623 1113 1716 1137 nemo
1735 1102 1816 1149 nost-

195 1168 270 1192 rum
292 1157 491 1191 intervenit.
1303 1156 1309 1161 ‘

344 1202 552 1250 Augustinus
569 1202 604 1236 in
629 1204 795 1250 Joannem
818 1196 914 1236 trast.
945 1204 978 1236 6.
1005 1200 1181 1247 Legamur
1206 1199 1293 1248 leges
1317 1199 1528 1245 manifestae,
1556 1198 1615 1235 ubi
1637 1211 1815 1247 praecepe-

193 1262 275 1289 runt
294 1256 513 1301 imperatores
536 1264 605 1293 eos,
632 1253 692 1301 qui
704 1259 846 1298 praeter
870 1249 1013 1298 ecclefiae
1036 1251 1290 1283 communionem
1316 1250 1479 1295 usurpant
1498 1248 1565 1296 fibi
1587 1261 1703 1284 nomen
1727 1250 1815 1284 chri·

185 1303 348 1350 stianum,
375 1315 431 1338 nec
448 1303 565 1337 volunt
585 1303 621 1336 in
637 1312 718 1347 pace
732 1301 837 1335 colere
852 1302 941 1347 pacis
962 1307 1111 1333 autorem
1129 1299 1216 1332 nihil
1233 1301 1365 1333 nomine
1390 1298 1532 1344 ecclesiae
1555 1298 1702 1334 audeant
1717 1297 1815 1346 poffi-

194 1351 295 1390 dere,
324 1353 429 1385 nolite
447 1350 580 1388 dicere,
608 1349 692 1396 quid
708 1350 793 1384 milti
809 1357 841 1383 et
859 1351 956 1397 regi,
981 1347 1065 1396 quid
1081 1345 1149 1382 tibi
1167 1359 1248 1395 ergo
1267 1356 1300 1381 et
1314 1347 1501 1393 peffeffioni
1517 1359 1580 1392 per
1591 1349 1674 1392 jura
1694 1359 1813 1393 regum

192 1399 397 1447 poffidentur
411 1396 631 1445 poſjeffiones,
656 1395 776 1430 ficcine
792 1397 989 1439 loqueretur
1007 1393 1236 1437 Augustinus,
1263 1393 1285 1426 fi
1311 1392 1385 1439 ipso
1409 1396 1483 1438 jure
1511 1394 1647 1435 divino,
1677 1406 1744 1429 non
1774 1407 1815 1430 ex

196 1447 361 1484 beneficio
389 1457 638 1493 1mperatorum
667 1444 871 1480 clericorum
897 1443 984 1478 bona
1009 1439 1148 1476 fuissent
1169 1444 1358 1482 immunia,
1403 1441 1494 1476 unde
1519 1455 1557 1476 ex
1582 1443 1648 1477 hoc
1673 1443 1749 1478 loco
1775 1444 1813 1478 in

194 1497 269 1546 jure
297 1498 461 1532 canonico
488 1492 571 1530 caus:
603 1506 657 1529 11.
678 1506 709 1538 q.
740 1506 770 1529 1.
821 1492 862 1527 Si
884 1503 966 1539 quae
993 1491 1104 1534 canisae
1122 1514 1129 1528 ,
1163 1490 1244 1523 haec
1270 1487 1488 1530 inferuntur,
1515 1493 1629 1526 clerici
1650 1504 1689 1527 ex
1707 1492 1811 1537 officio

194 1549 346 1595 episcopo
369 1548 451 1591 sunt
470 1543 658 1589 suppositi,
684 1545 722 1577 in
746 1540 991 1588 poffeffionibus
1015 1537 1237 1584 praediorum
1266 1540 1465 1584 imperatori
1483 1540 1566 1584 sunt
1593 1540 1739 1581 obnoxii,
1751 1551 1814 1578 etc.

344 1593 498 1630 Gelafius
516 1591 621 1638 Epist.
643 1597 674 1631 8.
726 1590 898 1633 Quantum
918 1588 963 1623 ad
980 1586 1128 1622 ordinem
1143 1589 1314 1633 pertinet,
1338 1587 1493 1634 publicae
1519 1589 1717 1636 disciplinae
1741 1604 1814 1640 cog-

192 1648 359 1690 noscentes
376 1645 553 1689 imperium
572 1640 638 1677 tibi
645 1641 804 1686 suprema
820 1638 1031 1685 dispofitione
1055 1637 1222 1676 collatum,
1259 1636 1388 1685 legibus
1412 1640 1482 1673 tuis
1506 1638 1565 1686 ipſs
1587 1649 1710 1685 parent
1735 1643 1816 1676 reli.

222 1697 303 1729 ionis
329 1693 502 1739 antistites.
539 1689 762 1738 Symmachus
778 1689 812 1722 in
829 1687 1069 1733 apologetico,
1096 1685 1196 1732 defer
1212 1685 1285 1721 Deo
1304 1689 1341 1721 in
1358 1686 1471 1727 nobis,
1498 1696 1531 1722 et
1552 1701 1605 1724 nos
1626 1688 1811 1734 deferimus
1863 1721 1865 1724 .

192 1707 268 1780 {eo
287 1745 323 1777 in
349 1751 382 1777 te
399 1766 408 1779 ‚
435 1754 491 1776 nos
518 1742 604 1774 enim
627 1737 804 1786 potestates
829 1738 990 1772 humanas
1008 1737 1071 1780 suo
1098 1737 1162 1770 loco
1191 1737 1401 1782 suscipimus.
1461 1736 1619 1783 Pelagius
1650 1740 1808 1784 primus,

193 1802 320 1841 quanto
336 1790 427 1826 nobis
445 1789 556 1836 studio
580 1801 619 1823 ac
646 1787 758 1823 labore
776 1787 1004 1834 satagendum
1029 1784 1090 1831 est,
1116 1794 1156 1820 ut
1180 1783 1363 1832 obsequium
1389 1785 1591 1833 confeffionis
1613 1787 1740 1833 nestrae
1758 1800 1812 1823 re..

189 1841 293 1890 gibus
312 1840 538 1886 ministremus.
591 1837 783 1883 Gregorius
801 1838 954 1882 Magnus
972 1834 1032 1869 lib.
1054 1847 1085 1870 2,
1103 1832 1208 1880 Epist.
1233 1838 1289 1870 62.
1340 1835 1482 1880 Potestas
1498 1837 1606 1881 supra
1631 1848 1736 1870 omnes
1757 1838 1813 1872 120.

193 1894 297 1925 mines
317 1890 521 1924 dominorum
539 1899 679 1922 meorum
694 1888 822 1933 pietati
837 1887 972 1920 coelitus
990 1884 1071 1919 data
1087 1884 1137 1929 cst.
1158 1911 1165 1918 .
1185 1910 1191 1917 .
1218 1883 1294 1932 Ego
1319 1884 1451 1931 quidem
1469 1883 1605 1931 juffioni
1623 1884 1814 1932 subjeHus,

193 1939 370 1987 utrobique
383 1937 472 1986 quod
496 1936 617 1975 debui,
644 1937 773 1977 exolvi,
800 1943 832 1970 et
850 1936 1051 1982 imperatori
1067 1932 1286 1968 obedientiam
1302 1932 1466 1980 praebui,
1493 1943 1526 1968 et
1540 1945 1605 1980 pro
1622 1933 1708 1975 Deo,
1725 1935 1813 1983 quod

189 1988 289 2035 sensi,
317 1990 453 2023 minime
469 1989 570 2022 tacui.

341 2039 411 2070 Leo
430 2038 490 2070 1V.
509 2034 614 2081 Epist.
631 2035 673 2069 ad
689 2032 892 2069 Lotharium
915 2031 986 2069 dist.
1010 2043 1062 2068 ιο.
1079 2043 1151 2078 cap.
1171 2030 1212 2065 de
1229 2033 1327 2078 capit.
1378 2032 1434 2067 De
1451 2034 1607 2080 capitalis
1630 2033 1686 2066 vel
1707 2044 1812 2079 prae.

194 2089 298 2134 ceptis
317 2084 566 2132 imperialibus,
592 2085 648 2118 vel
661 2085 853 2130 praeceptis
871 2083 988 2129 vestris
1005 2107 1014 2119 ‚
1039 2082 1281 2130 vestrorumque
1301 2080 1499 2128 pontificum
1527 2092 1560 2117 et
1582 2081 1811 2128 praedecesso-

191 2149 265 2171 rum
284 2133 586 2182 irrefragabiliter
604 2132 820 2180 custodiendis
832 2142 864 2167 et
883 2131 1117 2176 conservandis
1131 2156 1139 2170 ,
1165 2140 1325 2178 quantum
1342 2132 1505 2166 valuimus
1522 2140 1555 2166 et
1571 2132 1724 2170 valemus,
1745 2143 1809 2167 mo·

192 2185 245 2220 dis
262 2182 630 2230 otnnibusprofitemur.
683 2184 768 2216 Item
787 2179 891 2227 Epist.
910 2181 950 2215 ad
976 2180 1077 2216 Loth.
1104 2191 1132 2213 2.
1162 2191 1192 2224 q.
1213 2192 1243 2223 7.
1262 2193 1286 2215 c.
1315 2181 1398 2215 Nos.
1434 2181 1522 2221 Nos,
1549 2181 1681 2224 inquit,
1699 2180 1729 2226 fi
1753 2182 1809 2216 in.

195 2242 422 2280 coaenpetenter
443 2232 575 2280 aliquid
594 2233 742 2280 egimus,
772 2239 805 2265 et
831 2233 868 2266 in
887 2229 1035 2275 subditis
1054 2228 1164 2276 justae
1192 2231 1277 2278 lcgis
1298 2231 1470 2264 tramitem
1500 2242 1565 2265 non
1598 2231 1809 2274 conservavi·

193 2295 261 2319 mus
272 2308 281 2326 ‚
308 2282 412 2330 vestro
428 2294 466 2316 ac
484 2280 663 2328 vestrorum
683 2280 849 2330 mzfforum
866 2280 983 2317 cunfz‘a
1000 2280 1144 2315 volumus
1162 2278 1334 2316 emendare
1345 2277 1490 2328 judicio:
1541 2281 1704 2316 Fateatur
1722 2290 1806 2325 ergo

1687 2327 1753 2374 ipfi
