2022 2733
287 189 799 244 msstn’rArioNEs'
824 208 1170 251 His-rome&
1206 210 1366 248 nunu.
1393 212 1473 249 vn.
1579 224 1646 260 393

79 293 212 341 poffint
229 294 311 329 mali
324 295 499 343 pn‘ncipes
516 297 634 336 fovere
653 295 837 331 haereticos
854 306 887 333 et
907 294 1063 335 evertere
1075 295 1295 349 'relig-ionem,
1324 302 1440 351 igitur
1470 311 1504 338 et
1528 304 1614 340 hanc
1633 316 1695 352 po·

85 344 235 390 testatem
257 343 368 379 habet.
998 392 1001 395 ι
1115 354 1118 356 ’
1714 358 1718 361 ’

230 391 435 440 Respondeo
461 393 599 439 primo,
621 395 815 440 retorqueri
832 393 925 442 poss‘e
940 408 958 444 e
974 396 1187 444 principibus
1203 397 1291 435 istud
1315 412 1556 447 argumentum
1582 404 1615 438 in
1636 416 1695 450 pa·

81 453 162 488 pam
179 451 213 477 et
229 442 396 478 eeclesiam
413 454 450 478 ac
468 442 546 477 inde
565 444 732 490 probare,
758 445 789 480 se
800 443 1004 493 potestatem
1029 447 1152 482 habere
1178 447 1408 496 spiritualem,
1437 453 1516 496 quia
1538 453 1692 498 alioquin

79 498 200 528 eorum
218 493 408 540 respublica
425 491 516 527 foret
533 492 752 539 imperfeaa,
777 495 801 529 fi
821 497 869 530 eis
895 496 1039 531 deessent
1063 499 1153 532 vires
1179 499 1379 544 'disponendi
1404 501 1443 534 de
1468 501 1568 536 rebus
1595 501 1693 547 spini—

79 540 249 581 malibus,
275 541 458 590 pontifices
484 543 641 581 creandi,
669 546 776 578 maios
799 556 838 578 ac
855 545 1039 590 improbos
1065 546 1286 591 deponendi,
1312 560 1391 584 cum
1415 561 1453 583 ex
1475 550 1641 596 religione
1661 561 1693 587 et

79 590 290 627 ecclefiastica
304 589 596 628 administratione
616 590 711 636 saepe
725 592 874 637 pendeat
891 593 1100 637 reipublicae
1125 596 1364 639 tranquillitas.

91 681 94 683 ,
210 641 431 687 ΔΒεῐὶκκιάεο
447 638 613 679 secundo,
641 639 909 686 propositionem
933 641 1044 677 istam:
1081 642 1280 688 Respublica
1307 646 1510 691 ecclifiaslica
1535 651 1694 695 perfeffa

77 690 124 738 est
138 690 443 736 etfibilsufficiens.
468 688 665 735 ambiguam
681 688 760 725 effe:
789 690 914 737 duplex
939 691 1028 726 enim
1047 693 1229 738 excogitari
1252 693 1362 739 potest
1386 695 1554 741 perfefflo
1581 700 1697 745 reipu-

81 740 185 774 blicae
199 738 448 777 ecclesiastieae,
475 750 542 774 una
561 742 646 784 quae
664 742 835 775 removeat
858 738 973 776 omnia
991 741 1240 787 impedimenta
1257 743 1372 779 salutis
1390 757 1562 787 aeternae,
1589 748 1694 784 altera

62 801 163 834 *quae
180 790 373 827 contineat,
400 789 569 833 quidquid
595 787 812 824 necessarium
834 789 896 830 est,
923 802 961 825 ut
984 789 1110 836 possint
1126 791 1281 827 homines
1305 805 1368 839 per
1393 807 1466 830 eam
1486 796 1526 831 ad
1551 796 1692 834 salutem
1716 799 1717 802 ’

77 849 250 874 aeternam
270 839 470 885 pervenire3
498 837 942 885 prima‘perfefilioprocul
968 839 1075 875 dubio
1102 851 1172 875 non
1190 845 1351 878 convenit
1377 844 1606 882 ecclesiasticae
1630 850 1696 883 rei-

77 887 254 934 publicae,
284 888 451 932 quamdiu
469 888 505 922 in
523 889 622 922 terris
641 887 733 933 degit
744 895 755 920 ε’
779 901 857 923 nam
875 888 897 923 si
917 891 961 923 ita
979 888 1071 930 effer,
1100 902 1160 924 cur
1185 898 1254 926 non
1272 890 1382 938 posset
1397 895 1529 930 animos
1552 897 1593 931 ad
1611 910 1696 943 poe-

77 938 258 972 nitentiam
273 935 434 972 flestere?
487 938 559 971 Cur
579 949 649 971 non
671 935 794 972 infanti
813 940 854 972 in·
868 950 969 973 utero
989 950 1142 974 materno
1161 939 1309 976 existenti
1327 953 1383 978 aut
1401 942 1535 978 homini
1553 946 1588 979 in
1607 945 1696 983 insa-

75 988 169 1022 niam
186 985 283 1032 lapso
302 985 515 1033 indulgere?
562 987 632 1021 Cur
651 993 719 1021 non
740 987 900 1022 omnibus
917 1000 1049 1034 peccata
1068 989 1193 1024 donare
1210 989 1346 1035 posset?
1400 993 1576 1036 Quorsum
1594 1008 1694 1031 mun-

76 1036 140 1071 dus
158 1037 193 1071 in
213 1035 380 1071 ecelefiam
397 1034 689 1081 concupiscentiis.
700 1037 888 1072 terroribus
909 1050 939 1072 et
960 1037 1196 1073 blandimentis
1214 1039 1281 1075 suis
1299 1040 1523 1086 grassaretur?
1578 1039 1695 1087 Qu‘or-
1716 1035 1721 1047 ⁸

76 1084 158 1121 sum*
171 1084 494 1133 persequutionibus
509 1095 540 1121 et
555 1085 744 1121 haeresibus
763 1085 974 1122 infestaretur
986 1087 1002 1119 ?
1039 1091 1121 1122 Uno
1140 1088 1245 1125 verbo
1257 1115 1265 1130 ,
1293 1102 1354 1125 cur
1373 1104 1442 1127 non
1462 1093 1579 1128 omnia
1601 1107 1692 1130 amo·

75 1147 154 1170 vere
171 1133 280 1181 poss'et
298 1135 557 1180 impedimenta,
586 1147 670 1179 quae
690 1135 822 1171 coelum
842 1137 1030 1171 claudunt?
1058 1139 1129 1172 Cur
1147 1151 1214 1173 non
1234 1150 1266 1174 et
1282 1141 1412 1182 omnia,
1441 1154 1525 1186 quae
1543 1143 1692 1180 ecclesiae

77 1197 192 1234 pacem
208 1195 241 1219 et
257 1183 537 1228 tranquillitatem
554 1185 778 1229 perturbant,
800 1199 816 1219 e
835 1187 950 1222 medio
969 1186 1113 1221 tollere?
1150 1190 1281 1224 Patriae
1293 1189 1354 1230 est,
1381 1203 1450 1225 non
1478 1192 1550 1226 viae
1568 1191 1626 1228 ista
1644 1193 1694 1229 fe-

78 1234 201 1269 licitas.
255 1236 300 1268 At
318 1231 528 1267 ecclesiastica
545 1233 736 1278 respublica
758 1233 933 1270 secundam
961 1235 1059 1270 habet
1082 1236 1347 1281 perfestionem,
1377 1251 1414 1275 ut
1432 1239 1555 1276 scilicet
1572 1241 1692 1280 habeat

77 1295 216 1320 omnem
235 1281 434 1329 potestatem
452 1280 663 1324 necessariam
678 1281 720 1316 ad
739 1282 841 1317 finem
858 1282 955 1318 suum
975 1285 1248 1329 consequendum
1265 1287 1341 1321 suae
1365 1288 1536 1333 potestatis
1564 1291 1691 1337 respec-

75 1344 114 1369 tu
133 1345 202 1368 non
220 1342 355 1368 eorum,
381 1343 468 1374 quae
486 1331 817 1376 quomodocumque
846 1333 1039 1367 conducere
1059 1332 1192 1378 possent
1219 1335 1260 1369 ad
1279 1334 1436 1383 sa‘lu‘tem:
1475 1337 1574 1373 habet
1591 1343 1692 1387 quip-
1716 1340 1719 1342 ’

73 1390 118 1430 pe
134 1392 272 1417 omnem
284 1377 486 1427 ‘potestatem
502 1377 716 1425 spiritualem
728 1404 738 1418 ‚
766 1393 833 1425 qua
853 1381 1004 1416 volentes
1020 1382 1176 1417 homines
1195 1384 1236 1419 ad
1254 1384 1387 1420 coelum
1408 1387 1562 1429 inducat,
1590 1389 1693 1426 habet

76 1433 177 1467 etiam
196 1432 231 1466 in
251 1429 307 1466 sua
326 1427 487 1475 potest'ate
504 1428 619 1463 omnia
636 1429 747 1464 media
765 1431 1028 1476 proportionata
1052 1432 1094 1466 ad
1117 1431 1218 1468 istum
1245 1432 1367 1475 finem,
1395 1436 1538 1472 verbum
1566 1451 1692 1486 nempe

77 1482 235 1517 divinum
253 1492 284 1515 et
303 1479 522 1514 sacramenta:
549 1489 581 1511 at
596 1477 739 1523 potestas
755 1480 952 1526 temporalis
979 1494 1048 1515 non
1068 1481 1112 1517 est
1136 1482 1287 1518 medium
1307 1484 1348 1519 ad
1374 1484 1514 1521 salutem
1538 1499 1692 1534 propor-

76 1532 266 1567 tionatum,
302 1540 399 1565 nam,
434 1538 471 1562 ut
499 1525 668 1563 diximus,
701 1528 843 1572 potestas
869 1532 1068 1575 temporalis
1095 1532 1128 1565 in
1155 1544 1305 1579 corpora
1329 1536 1534 1578 extenditur,
1561 1538 1692 1574 invitos·

77 1583 188 1626 cogit,
214 1590 315 1623 atque
333 1577 376 1611 ob
396 1576 429 1611 id
447 1575 568 1622 poenis
584 1577 761 1620 corporeis
779 1575 916 1622 plestit:
945 1578 1028 1612 salus
1045 1585 1155 1615 autem
1173 1594 1304 1617 aeterna
1320 1585 1511 1620 animarum
1530 1586 1592 1625 est,
1620 1601 1691 1624 non

75 1630 284 1676 corporum,
310 1625 507 1662 volentibus
525 1635 656 1659 tanturn
675 1635 774 1669 atque
793 1625 884 1660 ultro
906 1636 938 1660 et
953 1625 1074 1672 sponte
1091 1629 1133 1663 ad
1153 1641 1224 1665 eam
1241 1631 1492 1677 adipiscendam
1512 1634 1690 1672 laboranti-

74 1678 139 1716 bus
167 1679 238 1714 dari
254 1675 382 1724 potest,
409 1687 478 1711 non
504 1685 618 1710 autem
637 1674 752 1709 invitis
769 1685 800 1710 et
822 1685 916 1711 metu
932 1688 1126 1722 poenarum
1146 1682 1388 1732 temporalium
1410 1683 1451 1717 ad
1479 1683 1611 1720 bonum
1636 1685 1688 1722 fa-

77 1727 238 1766 ciendum
261 1723 398 1761 adaffis.
651 1731 653 1733 '

66 1803 69 1804 γ
226 1802 245 1818 „
258 1779 311 1816 At,
338 1776 462 1823 inquit,
488 1771 660 1809 necessaria
678 1771 724 1808 est
741 1773 782 1809 ad
801 1773 901 1809 finem
922 1775 1130 1822 spiritualem
1147 1776 1292 1823 potestas
1311 1781 1433 1816 utendi
1451 1791 1483 1815 et
1502 1782 1686 1831 disponen-

77 1854 98 1871 ,2
110 1827 146 1863 di
163 1826 204 1862 de
224 1824 326 1861 rebus
347 1823 594 1870 spiritualibus,
609 1823 688 1868 quia
704 1823 858 1870 alioquin
877 1824 1008 1870 possent
1024 1825 1103 1861 mali
1116 1828 1290 1875 principes
1310 1829 1453 1877 impune
1470 1830 1587 1868 fovere
1606 1835 1686 1870 hae.

75 1903 95 1922 n
107 1878 227 1914 reticos
245 1886 276 1910 et
292 1885 440 1909 evertere
463 1872 676 1918 religionem.

226 1923 448 1971 Respondeo‚
478 1934 545 1957 non
564 1933 746 1969 propterea
763 1922 902 1968 impune
920 1922 1057 1969 regibus
1075 1925 1176 1960 licere
1195 1925 1377 1962 haereticos
1396 1925 1512 1965 fovere
1531 1941 1563 1965 et
1582 1931 1685 1967 eccle-

78 1976 157 2012 fiam
175 1986 311 2014 vexare,
341 1984 420 2007 nam
434 1971 603 2007 vindicem
624 1971 757 2017 semper
776 1970 840 2006 five
855 1974 890 2007 in
908 1972 968 2008 hac
984 1972 1049 2008 sive
1065 1975 1100 2009 in
1116 1975 1220 2011 altera
1244 1978 1312 2012 vita
1337 1975 1478 2014 sentient
1495 1982 1636 2020 Deum,-
1654 1991 1687 2015 et

79 2027 115 2062 in
135 2024 204 2063 ista,
229 2022 253 2058 fi
273 2020 444 2058 christiani
461 2020 548 2058 sunt,
567 2019 706 2067 possunt
723 2022 1074 2059 excommunicatione
1085 2024 1199 2070 plesti:
1220 2026 1422 2072 religionem
1439 2038 1522 2064 vero
1535 2040 1568 2063 et
1585 2029 1687 2064 eccle-

79 2075 159 2111 fiam
181 2074 317 2120 penitus
337 2081 486 2106 evertere
504 2082 678 2115 nunquam
693 2080 872 2116 poterunt,
900 2072 979 2116 quia
1003 2071 1141 2120 semper
1164 2073 1308 2111 obstabit
1328 2075 1506 2122 religionis
1525 2079 1685 2115 conditor

77 2123 249 2161 Christus,
276 2122 336 2167 qui
353 2118 512 2167 promisit
528 2131 648 2166 portes
671 2119 776 2155 inferi
792 2119 951 2156 adversus
969 2133 1040 2156 eam
1060 2135 1128 2158 non
1146 2125 1407 2169 praevalituras,
1432 2126 1530 2171 seque
1548 2128 1590 2163 ad
1609 2140 1686 2163 con·

81 2172 343 2209 summationem
362 2169 484 2205 saeculi
501 2181 579 2205 cum
596 2169 666 2204 suis
684 2167 864 2210 futurum,
891 2170 1178 2215 itaquetquamdiu
1197 2175 1258 2209 erit
1277 2174 1409 2209 ecclelia
1421 2176 1578 2217 interris,
1597 2188 1683 2212 tam.

81 2224 138 2259 diu
155 2221 244 2256 velut
261 2221 355 2256 navis
372 2220 473 2254 variis
489 2218 675 2265 agitabitur
691 2218 957 2264 tempestatibus.
1013 2222 1107 2256 Hinc
1122 2233 1195 2258 eam
1213 2225 1349 2270 tyranni
1366 2225 1543 2263 vexabunt,
1569 2225 1684 2261 adver-

78 2272 138 2315 sufl
153 2282 241 2323 quos
263 2268 440 2318 insurgere
456 2268 599 2305 minime
613 2267 739 2318 potest}
766 2269 845 2305 inde
871 2281 942 2307 enm
960 2269 1116 2359 113εέεέἱεί
1138 2272 1386 2320 perturbabunt
1410 2273 1585 2313 erroribus
1605 2274 1689 2320 suis,

952 2321 985 2360 D
1070 2360 1075 2365 ,
1576 2336 1642 2362 nee
