2022 2733
254 195 760 233 DISSERTATIONES
823 196 1174 236 HISTORICAE.
1235 203 1392 237 Dzssmr.
1420 203 1464 239 11.
1574 218 1637 240 121

75 285 118 319 ab
137 282 306 330 episcopis
322 296 523 330 magnarum
542 282 671 318 sedium
689 296 766 319 eum
787 283 1021 330 deponerent,
1048 298 1080 322 et
1096 290 1128 323 in
1148 290 1218 337 ejus
1244 291 1357 329 Iocum
1382 295 1485 330 alium
1511 291 1693 332 substitue:

76 344 164 369 tent.
220 336 340 378 Itaque
358 331 517 367 stitutum
540 345 626 372 erat,
655 345 693 367 ut
710 334 901 378 Stephanus
919 338 1138 374 Marcianum
1166 345 1498 380 excommunicatum
1519 358 1580 391 per
1602 347 1687 380 litte·

74 394 128 417 ras
157 394 225 417 non
251 383 454 429 deponeret,
493 381 547 416 sed
567 381 804 427 deponendum
823 383 884 418 esse
901 383 1101 431 significaret
1127 389 1296 437 episcopis
1318 396 1515 439 provinciae
1538 405 1569 429 et
1591 394 1683 440 plebi

73 431 274 473 Arelatensi,
304 445 342 466 ex
359 431 498 467 consilio
517 429 620 466 sanffi
639 432 814 478 Cypriani.

224 484 309 517 Non
330 480 375 515 est
394 494 519 527 porro,
548 480 641 528 quod
660 480 827 525 glorietur
845 482 935 517 idem
954 483 1162 521 Christianus
1182 490 1320 532 Lupus,
1347 490 1377 524 se
1396 492 1509 526 virum
1528 491 1689 527 eruditis-

73 529 198 566 fimum
215 531 403 575 Rigaltium
433 531 613 564 sententiae
639 528 713 564 suae
739 540 924 575 patronum
951 533 1091 576 habere;
1130 537 1157 568 is
1183 537 1272 571 euim
1299 539 1333 571 in
1362 540 1451 574 noris
1475 539 1542 575 suis
1569 541 1687 577 eodem

71 580 215 627 prorsus
233 581 357 619 modo,
387 592 454 624 quo
480 592 544 614 nos
560 590 653 613 antea
671 581 838 626 Cypriani
857 591 1005 616 mentem
1025 582 1196 628 exposuit,
1224 597 1253 619 et
1278 598 1394 621 omnes
1420 590 1509 634 Lupi
1531 589 1689 625 Christiae

73 631 110 665 ni
126 631 336 677 opinationes
359 630 482 676 rejicit:
512 628 582 675 ejus
601 628 706 674 igitur
721 628 841 670 verba,
867 629 923 664 hic
940 642 958 665 a
975 631 1074 666 nobis
1096 634 1269 670 coronidis
1290 635 1592 675 viceascribentur.
1644 640 1688 675 In

73 680 153 719 hac,
181 680 312 727 inquit7
339 680 521 713 Niara-iani
538 680 684 724 episcopi
699 678 900 726 Arelatenfis
925 683 1020 725 causa
1039 707 1047 722 ‚
1066 682 1167 728 fijus
1184 683 1388 731 abstinendi,
1416 685 1489 733 five
1514 699 1690 723 excommu-

72 729 214 764 nicandi
230 727 433 774 competebat
444 728 512 772 soli
530 728 679 773 episcopo
700 728 867 768 Romano,
894 741 952 763 cur
976 730 1154 778 Faustinus
1177 736 1342 781 episcopus
1367 735 1597 783 Lugdunensis
1627 738 1690 783 Cy.

69 781 196 825 priano
215 779 363 825 episcopo
382 776 638 823 Carthaginensi
657 778 753 824 longe
770 777 896 824 diffito‚
917 779 1019 823 semel
1035 789 1132 829 atque
1149 784 1270 818 iterum
1277 784 1454 832 fignificat
1475 797 1513 819 ea
1533 786 1573 821 de
1582 787 1686 821 Mar-

72 829 186 868 ciano,
213 828 378 875 quaejam
395 829 511 873 utique
529 825 702 869 Faustinus
719 828 785 872 ipse
804 835 838 862 et
864 829 929 862 alii
956 830 1099 874 ejusdem
1119 836 1318 876 provinciae
1344 835 1490 881 episcopi
1511 839 1688 871 nuntiam».

71 885 155 911 rant
172 877 340 923 Stephano
356 877 577 921 proximiori,
603 884 635 910 et
652 878 796 910 omnium
815 878 1039 924 episcoporum
1056 883 1220 927 principi.
1272 882 1462 918 Dicendum
1487 887 1600 932 igitur
1610 888 1689 931 fac.

72 933 142 960 tum
160 925 198 960 id
216 925 337 971 faiae,
363 933 423 960 aut
437 935 499 970 per
517 924 762 972 negligentiam
780 925 967 972 Stephani,
994 937 1054 963 aut
1070 930 1157 976 quod
1171 934 1281 979 magis
1298 932 1442 967 videtur
1454 945 1520 979 per
1540 934 1687 979 discipli.

73 985 169 1013 nam,
197 986 280 1021 quae
295 983 374 1008 tunc
389 975 428 1007 in
445 973 568 1018 ecclesia
587 973 746 1020 ingebat,
774 985 812 1009 ut
834 988 940 1010 omnes
957 977 1087 1023 quidem
1105 981 1143 1013 in
1159 981 1390 1027 circumpositis
1404 983 1494 1022 locis,
1516 983 1688 1029 sedprae-

66 1023 189 1068 sertim
207 1022 338 1057 urbium
355 1021 602 1067 clariffimarum
622 1024 766 1066 episcopi
783 1025 820 1056 in
837 1035 998 1058 commune
1015 1027 1222 1069 consulerent
1237 1030 1401 1074 ecclesiae,
1437 1031 1683 1078 viderentque,

75 1082 118 1106 ne
143 1071 227 1118 quid
243 1070 444 1105 detrimenti
471 1080 523 1103 res
547 1069 725 1113 christiana
751 1071 912 1104 catholica
939 1082 1086 1118 caperet.
1148 1075 1268 1123 Itaque
1286 1079 1393 1122 super
1421 1079 1476 1122 isto
1503 1079 1687 1114 Marciani

72 1120 276 1167 Arelatenfis
289 1121 447 1164 facinore
461 1117 714 1164 Lugdunensem
730 1119 910 1164 epifi-opum
922 1119 966 1154 ad
981 1121 1162 1157 Romanum
1179 1133 1211 1158 et
1230 1126 1523 1173 Carthaginensem
1545 1128 1689 1174 dedzffet

72 1170 231 1210 litter-1155
257 1169 349 1214 istum
368 1178 447 1201 vero
461 1191 469 1205 ,
498 1175 536 1200 ut
554 1166 792 1212 remotrffimam
813 1167 933 1213 dedzffi
943 1170 1162 1215 viczffimsum
1172 1172 1218 1206 ad
1232 1174 1425 1215 Romanum,
1436 1186 1474 1210 ut
1484 1179 1637 1221 fratrem
1650 1186 1684 1212 et

73 1219 250 1265 collegam,
288 1217 346 1262 qui
365 1217 402 1249 in
415 1216 606 1259 propinquo
619 1215 764 1257 facilius
783 1214 895 1258 poffet
919 1215 960 1248 de
986 1221 1122 1263 negotio
1148 1223 1360 1264 cognoscere,
1397 1231 1431 1257 et
1445 1224 1617 1267 statuere:
1652 1237 1685 1261 et

71 1263 149 1314 post
166 1265 246 1300 haec
263 1263 304 1298 ad
322 1263 403 1297 haec
421 1261 523 1296 verba
539 1272 638 1295 unum
656 1269 768 1295 tamen
782 1273 925 1309 gregem
939 1264 1111 1308 pascimus.
1166 1268 1264 1312 Cujus
1281 1271 1398 1311 salutis
1424 1282 1523 1307 cura,
1540 1274 1684 1317 inquit:

72 1327 140 1351 non
167 1313 212 1353 ad
228 1323 260 1349 te
278 1321 412 1348 tantum
431 1324 448 1346 ο
465 1310 637 1357 Stephane
652 1312 824 1356 pertinet,
852 1322 968 1346 verum
985 1315 1084 1348 etiam
1099 1314 1145 1349 ad
1162 1328 1217 1350 nos
1229 1341 1236 1355 ‚
1265 1318 1511 1364 quitibisumus
1520 1324 1683 1368 coepisco-

68 1366 121 1412 pi.
178 1364 288 1399 Unum
309 1372 453 1411 gregem
470 1359 575 1397 dicit,
602 1369 640 1394 ut
653 1361 781 1406 supra,
808 1362 955 1394 unitatis
979 1364 1115 1398 vinculo
1141 1366 1345 1411 copulatum.-
1380 1379 1412 1402 et
1441 1368 1496 1403 lib.
1524 1369 1564 1403 de
1597 1372 1685 1408 unit.

72 1412 234 1450 ecclefiae.
286 1411 522 1458 Episcopatum
540 1409 622 1444 dicit
644 1409 703 1455 asse
728 1421 846 1449 unum,
883 1412 975 1457 cujus
1001 1424 1020 1445 a
1036 1412 1186 1461 fingulis
1210 1417 1248 1450 in
1275 1417 1410 1462 [olidum
1425 1430 1506 1464 pars
1531 1427 1681 1456 tenetur,

73 1466 124 1499 Ac
143 1462 282 1497 demum
300 1460 389 1494 idem
414 1458 581 1503 Rigaltius
600 1457 838 1492 observatione
858 1457 999 1501 ultima,
1027 1473 1122 1509 quam
1140 1475 1182 1498 ex
1210 1476 1314 1512 aequo
1327 1491 1336 1503 ,
1371 1468 1504 1512 inquit,
1541 1468 1682 1506 vivebat

75 1509 344 1562 carthaginensis
364 1520 434 1545 cum
449 1509 616 1549 Romano,
643 1508 803 1543 nimirum
820 1515 858 1542 ut
868 1509 953 1553 solet
968 1512 1060 1546 inter
1069 1515 1211 1559 fratres
1236 1523 1270 1550 et
1285 1517 1436 1565 collegas.

639 1653 696 1691 De
722 1652 869 1706 Bafitide
893 1661 925 1693 et
950 1654 1123 1695 Martiali.

73 1782 290 1879 Tertium
308 1786 499 1834 exemplum
518 1799 555 1822 ex
571 1787 747 1834 Cypriane
767 1788 913 1834 petitum
931 1785 1055 1835 jastant
1069 1790 1197 1826 mirum
1215 1791 1249 1826 in
1267 1793 1413 1829 modum
1432 1794 1681 1838 Bellarminus.·

192 1838 357 1881 Davidius
366 1839 418 1882 ,flet
436 1837 493 1872 alii
505 1850 516 1878 ς
528 1835 719 1872 desumitur
731 1850 768 1871 ex
779 1837 919 1883 epistola
931 1837 1082 1885 ejusdem
1097 1841 1262 1888 Cypriani
1273 1840 1485 1888 sexagesima·
1496 1844 1614 1882 ostava
1634 1846 1676 1882 ad

74 1895 203 1930 elerum
231 1899 262 1924 et
278 1887 451 1935 populum
470 1884 667 1932 Hispaniae.
719 1887 897 1933 Basilides,
924 1887 1057 1932 inquit,
1083 1891 1154 1936 post
1172 1893 1313 1926 crimina
1322 1894 1385 1937 sua
1403 1893 1549 1932 detec‘ia.
1570 1904 1682 1932 eleon-

68 1944 243 1992 Jcientiam
265 1941 365 1974 etiam
382 1938 530 1983 propria
540 1935 730 1984 confeffione
748 1936 909 1972 nudatam
926 1937 1062 1973 Romam
1069 1950 1235 1988 per-gens,
1262 1940 1463 1988 Stephanum
1472 1956 1602 1991 *papam
1611 1947 1681 1980 lon-

71 2004 119 2042 ge
132 1991 289 2040 pofit‘um,
315 1995 348 2021 et
361 1985 475 2035 gestae
491 1988 543 2021 rei
560 1997 595 2020 ac
613 1987 739 2021 tacitae
756 1989 915 2021 veritatis
932 1989 1089 2034 ignarum
1099 1991 1256 2036 fefellit,
1290 2000 1329 2026 ut
1347 1992 1531 2027 exambiret
1552 1994 1674 2040 injuste

68 2043 106 2087 se
123 2041 242 2087 reponi
259 2039 295 2072 in
312 2037 515 2082 episcopum,
544 2034 583 2069 de
601 2047 662 2083 quo
693 2037 814 2080 fuerat
839 2035 1004 2082 depositus.
1061 2037 1126 2072 Sed
1152 2051 1204 2073 res
1230 2039 1336 2086 paulo
1362 2039 1470 2076 fufius
1503 2043 1680 2078 narranda.

73 2088 229 2126 Bafilides
247 2097 277 2121 et
293 2084 465 2120 Martialis
484 2082 587 2119 ambo
607 2094 701 2119 erant
719 2083 907 2130 Hispaniae
923 2083 1093 2132 episcopi,
1121 2087 1155 2122 in
1173 2101 1259 2133 quos
1274 2101 1416 2136 propter
1446 2092 1575 2126 crimen
1601 2092 1679 2127 ido-

75 2137 224 2174 luisti-iae
241 2133 463 2181 depositionis
479 2132 644 2169 sententia
665 2133 730 2168 lata
753 2132 864 2169 fuerat
885 2135 918 2168 in
947 2136 1148 2180 provinciali
1172 2137 1323 2186 synodo:
1357 2140 1392 2174 in
1416 2139 1530 2176 locum
1560 2139 1677 2177 saltem

73 2186 223 2224 Basilidis
241 2185 326 2220 alius
341 2194 410 2219 erat
427 2181 607 2218 suffestus:
634 2182 859 2218 nihilominus
875 2183 1028 2219 Basilides
1046 2187 1190 2222 Romam
1209 2189 1381 2233 perrexit,
1407 2200 1439 2225 et
1461 2202 1479 2223 a
1503 2190 1676 2235 Stephano

77 2236 116 2273 in
131 2235 406 2274 communionem
423 2243 596 2281 receptus,
624 2232 664 2270 ab
682 2245 722 2270 eo
741 2232 868 2271 litteras
893 2235 1145 2274 communionis
1172 2236 1338 2284 obtinuit,
1376 2237 1500 2286 quibu:
1521 2240 1676 2275 munitus

924 2285 957 2327 Q
1590 2287 1627 2324 in
