2022 2733
276 212 281 215 ’
333 209 840 250 DISSERTATIONES
874 212 1225 253 HISTOthAE.
1252 214 1414 256 DISSERT.
1441 218 1504 255 111.
1633 229 1701 262 πῃ

281 301 442 345 Denique
461 302 652 336 communis
671 301 752 337 haec
771 301 816 337 est
834 302 997 339 sententia
1014 304 1260 352 theologorum
1279 318 1310 342 et
1320 306 1568 344 canonistarum
1581 334 1590 350 ,
1619 320 1656 344 ut
1674 311 1751 344 HuJ

130 350 233 396 gonis
254 363 273 384 a
289 350 411 386 Sansto
430 349 588 391 Vistore,
624 351 755 386 Alenlis
776 365 809 397 p.
836 365 868 395 4.
888 366 920 397 q.
943 367 1039 389 22.a.
1062 367 1089 389 ι.
1110 357 1144 390 in
1161 356 1256 391 resol.
1280 360 1451 393 innocent.
1472 360 1534 394 ΙΙΙ.
1553 358 1593 392 de
1617 371 1749 394 excom-

129 412 223 440 mun.
238 412 263 434 c.
279 408 334 438 28.
353 401 509 434 Gratiani
529 402 555 441 ἕ,
580 413 635 443 24.
655 413 686 444 q.
711 413 738 443 3.
758 403 798 437 C.
817 400 840 435 fi
859 405 944 446 quis.
973 402 1155 446 Gersoniffi
1184 406 1284 440 Bielis
1303 405 1378 442 leffe.
1399 419 1455 442 20.
1475 407 1509 441 in
1532 419 1604 442 can.
1625 407 1745 448 missae,

129 460 162 483 et
177 449 326 484 aliorum
345 449 420 484 fere
438 452 606 486 omnium.
660 453 776 484 Nemo
795 451 886 484 enirn
905 451 1049 487 affirmat
1073 457 1457 490 excommunicationem
1486 455 1593 496 clave,
1629 467 1666 492 ut
1692 457 1744 491 lo-

128 510 303 544 quuntur,
333 510 466 533 errante
483 499 600 539 latam,
634 499 766 543 aliquid
789 499 824 532 in
840 500 990 536 animam
1016 504 1295 539 excommunicati
1323 506 1469 550 operari,
1486 517 1632 551 eumque
1651 506 1743 542 dam-

125 550 257 584 nationi
276 548 463 583 obnoxium
482 548 630 582 reddere.

276 596 448 633 Adversus
469 597 549 631 haec
566 598 635 630 duo
653 606 784 630 tantum
805 595 906 642 objici
924 608 1000 631 cum
1018 597 1132 642 aliqua
1148 599 1444 635 verisimilitudine
1470 600 1616 646 possunt.
1669 605 1743 638 Pri-

124 658 224 682 mum
243 646 287 682 est
304 658 523 682 communem
543 646 627 679 hanc
645 643 706 678 else
722 657 758 678 ac
777 644 958 680 solemnem
980 645 1174 682 {nuptorum
1196 660 1334 694 patrum
1354 647 1544 685 derinam
1556 674 1564 687 ‚
1594 662 1682 686 extra
1694 664 1742 686 ec-

124 695 256 732 cleliam
276 696 402 730 nullam
425 693 485 728 effe
510 693 648 729 salutem
666 706 703 729 ac
718 694 867 739 proinde
885 707 950 736 eos,
972 697 1030 739 qui
1056 695 1134 731 sunt
1160 696 1201 731 ab
1227 697 1380 733 universa
1399 699 1531 734 ecclesia
1544 711 1743 735 excommu=

126 746 245 787 nicati,
274 757 343 780 non
363 743 458 791 posse
475 743 611 778 salutem
633 743 792 788 consequi
815 755 846 778 et
867 745 1007 779 interius
1034 745 1096 779 effe
1121 746 1254 791 ligatos.
1307 748 1463 782 Alterum
1489 747 1534 783 est
1560 747 1740 784 sacerdotis

125 794 321 831 sententiam
337 794 416 829 licet
433 792 589 840 injustam
611 793 672 827 esse
691 793 895 834 timendam,
948 805 985 829 ut
1008 793 1105 829 testes
1124 794 1201 830 sunt
1217 798 1248 831 S.
1270 800 1340 831 Leo
1362 795 1460 843 epist.
1481 809 1537 842 93.
1557 808 1589 832 et
1608 800 1742 845 Grego-

122 845 195 881 rius
206 843 326 880 homil.
348 847 404 878 26.
425 844 458 878 in
477 842 664 888 evangelia,
692 855 760 878 non
778 840 856 876 esset
874 854 985 877 autem
1004 843 1161 886 timenda,
1181 844 1241 880 nisi
1254 846 1373 891 ligaret
1392 845 1640 883 conscientiam.

274 891 478 940 Respondeo
495 893 536 927 ad
555 894 708 938 primum
729 904 841 938 patres
858 892 943 927 illud
963 894 1094 928 axioma
1113 906 1182 929 non
1205 894 1401 930 intellexisse
1422 896 1462 930 de
1481 897 1540 936 iis,
1561 897 1622 941 qui
1639 897 1740 932 inviti

124 954 220 979 extra
241 942 334 977 illam
351 941 512 979 existunt,
548 940 727 982 habentes,
757 952 795 976 ut
811 943 924 985 inquit
941 942 1170 988 Augustinus,
1205 945 1359 979 animum
1383 945 1568 986 redeundi,
1605 958 1684 981 cum
1701 947 1739 981 id

122 990 234 1027 facere
250 991 374 1030 licebit,
401 990 457 1025 sed
475 991 517 1024 de
539 990 615 1031 illis,
635 992 693 1034 qui
713 990 802 1025 ultro
825 1002 916 1024 extra
933 990 1023 1025 illam
1043 1003 1189 1027 manent.
1243 992 1298 1027 Ad
1317 994 1502 1029 secundum
1520 994 1598 1029 dico
1617 995 1738 1030 timen-

126 1042 201 1075 dam
219 1039 280 1074 esse
298 1034 442 1086 pastoris
462 1038 658 1073 sententiam
679 1039 777 1073 etiarn
798 1037 973 1085 injustam,
1002 1052 1071 1074 non
1091 1041 1183 1084 quod
1207 1040 1288 1086 liget
1312 1042 1454 1077 interius
1474 1042 1735 1088 conscientiam,-

123 1090 178 1125 {ed
198 1090 277 1134 quia
294 1101 358 1135 per
373 1101 444 1123 eam
462 1088 619 1134 privatur
636 1087 743 1122 homo
761 1086 992 1128 sacramentis,
1018 1089 1179 1134 precibus
1198 1100 1229 1124 et
1253 1090 1326 1125 aliis
1351 1088 1485 1132 officiis,
1504 1091 1628 1136 quibus
1646 1092 1737 1128 chri-

124 1138 268 1176 ssianum
287 1135 430 1184 defungi
447 1149 509 1182 par
525 1134 587 1178 est,
614 1148 713 1181 atque
729 1136 824 1177 hinc,
852 1147 888 1171 ut
906 1138 1021 1181 inquit
1040 1139 1071 1174 S.
1084 1140 1154 1173 Leo
1164 1137 1240 1174 loco
1260 1140 1382 1175 citato:
1407 1143 1519 1176 anima
1539 1142 1609 1187 ejus
1625 1143 1736 1178 veluti

113 1191 269 1235 sauciata
285 1196 319 1222 et
343 1189 482 1221 inermis
506 1185 742 1232 quodammodo
758 1195 925 1231 exutaque
941 1189 1033 1220 omni
1050 1190 1235 1223 munimine
1258 1189 1436 1224 diabolicis
1462 1190 1661 1237 incurfihus,
1696 1198 1735 1226 ut

117 1238 227 1286 facile
244 1238 417 1282 capiatur,
445 1233 572 1279 obJ‘eHa
590 1233 642 1278 est.
694 1232 827 1266 Deinde
843 1233 994 1266 timenda
1011 1233 1056 1266 est
1074 1246 1190 1269 coram
1208 1236 1407 1272 hominibus
1426 1250 1495 1273 non
1507 1250 1622 1273 coram
1640 1242 1735 1282 Deo;

121 1284 271 1322 timenda
287 1282 340 1324 est,
360 1283 440 1328 quia
462 1294 525 1328 per
542 1293 615 1315 eam
630 1279 670 1315 ab
687 1279 839 1315 ecclefiae
857 1278 994 1315 vifibilis
1012 1283 1256 1319 communione
1273 1297 1506 1328 removemur,
1534 1299 1605 1322 non
1620 1298 1734 1323 autem

117 1348 157 1373 eo
176 1332 272 1381 quod
290 1345 308 1367 a
324 1330 493 1368 sanffitate
509 1341 692 1378 propterea
716 1329 928 1365 excedamus.

151 1375 162 1381 ”
271 1386 385 1429 Atque
411 1381 491 1417 haec
516 1380 557 1416 de
581 1380 929 1418 excommunicatione
953 1377 1049 1427 quod
1073 1380 1115 1418 acl
1140 1381 1298 1431 praesens
1323 1382 1516 1424 institutum
1543 1382 1633 1422 dicta
1659 1382 1731 1422 suf.

120 1434 243 1473 ficiantss

641 1763 1184 1805 l

946 2306 1035 2348 Hk
1612 2308 1679 2348 DE
