2022 2733
279 187 759 226 mssERTATIONEs
787 188 1144 227 HISTORICAE
1195 191 1353 228 Disstar.
1380 191 1460 228 vn.
1574 203 1643 238 377

78 276 298 323 imperatori,
327 287 360 312 et
379 277 445 313 hoc
463 278 620 313 illicitum
637 277 809 326 judicasse:
835 303 856 319 ,‚
883 278 1106 325 Exigebatur‚
1133 282 1265 327 inquit,
1294 292 1312 314 a
1335 291 1408 321 me,
1434 290 1471 314 ut
1494 280 1690 326 compesce-

76 351 99 367 „
126 338 199 361 rem
216 326 410 373 populum,
438 327 625 363 referebam
642 330 678 362 in
697 341 773 363 meo
790 328 864 376 jure
885 326 965 369 esse,
994 340 1033 364 ut
1058 341 1126 364 non
1152 330 1328 364 excitarem
1356 330 1391 363 in
1416 330 1478 363 Dei
1503 341 1622 371 manu,
1650 341 1688 366 ut

71 397 94 415 ‚,
120 376 312 422 mitigaret:
338 376 510 423 postremo
532 377 553 411 si
573 389 627 411 me
645 377 858 413 incentorem
889 389 1027 424 putant,
1054 378 1173 425 jamin
1193 390 1246 412 me
1264 378 1430 413 vindicari
1450 390 1609 425 oportere
1637 377 1700 414 vel.

72 422 94 466 ‚',
123 424 309 464 adducere,
343 428 379 461 in
415 439 495 471 quas
532 426 658 461 vellent
693 438 861 462 terrarum
898 427 1159 464 solitudines...
1182 455 1189 462 .
1217 431 1391 473 Rogamus
1420 427 1590 474 Auguste,
1621 441 1689 464 non

75 498 96 515 „
122 486 317 520 pugnamus
334 500 344 513 ‚
372 488 441 510 non
461 478 640 513 timemus,
666 475 724 510 sed
746 488 927 522 rogamus3
954 477 1019 512 hoc
1038 476 1236 512 christianos
1258 477 1364 515 decet,
1399 489 1436 512 ut
1462 477 1690 522 tranquillitas

75 547 99 566 ‚,
125 524 220 569 pacis
241 535 394 570 optetur,
423 536 453 559 et
473 524 551 559 fidei
567 525 780 569 veritatisque
805 524 1010 563 constantia,
1048 538 1109 560 nec
1130 527 1251 560 mortis
1276 535 1455 561 ravocetur
1485 527 1650 572 periculo.
1679 555 1687 564 .

76 596 98 614 ,ι
125 573 179 607 Ad
195 575 441 619 imperatorem
458 574 582 619 palatia
599 574 790 618 pertinent,
817 573 862 607 ad
877 571 1082 608 sacerdotem
1099 573 1270 607 ecclesiae:
1288 575 1506 619 publicorum
1524 575 1586 609 tibi
1603 587 1692 610 moe-

73 643 95 663 ‚,
123 623 221 657 nium
237 622 290 669 Jus
308 621 520 657 commissum
538 619 600 658 est,
628 634 698 656 non
721 620 917 665 sacrorum3
944 622 1172 667 interroganti
1200 622 1321 656 deinde
1350 622 1570 658 Ambroflum
1596 636 1692 660 nota⁴

75 695 95 712 ,.
122 671 196 711 rio,
224 670 247 705 fi
269 682 433 717 tyrannus
451 670 514 709 est,
542 669 623 705 scire
642 670 740 709 volo,
766 682 804 706 ut
823 669 921 706 sciam
942 670 1228 716 quemadmodum
1248 671 1406 706 adversus
1430 683 1460 705 te
1477 685 1689 719 praeparem,

73 743 97 761 ‚.
123 729 162 754 ut
183 718 379 765 respondes.
432 720 562 760 Retuli,
590 721 719 765 iuquit,
747 720 861 755 dicens
881 733 933 756 me
952 721 1037 755 nihil
1057 722 1092 754 in
1110 720 1360 767 praejudicium
1385 719 1496 756 fecisse
1523 722 1689 764 ecclesiae,

74 791 98 807 n
125 780 167 804 eo
187 780 360 816 tempore,
390 782 458 814 quo
476 769 649 805 audieram
667 780 869 816 occupatam
887 768 951 804 esse
968 769 1136 804 militibus
1146 769 1330 810 basilicam,
1359 772 1525 816 gemitum
1544 783 1691 808 tantum-

73 841 96 857 „
122 818 231 853 modo
248 818 449 854 liberiorem
475 817 644 858 habuisse,
671 818 854 866 multisque
879 818 1138 854 adhortantibus
1156 844 1164 858 ,
1190 830 1229 854 ut
1253 831 1293 853 eo
1316 832 1519 865 pergerem,
1556 820 1689 863 dixisse,

73 891 96 909 ‚‚
123 867 257 902 tradere
279 867 446 903 basilicam
464 880 534 902 non
553 867 705 913 possum,
733 866 789 902 sed
807 881 1000 913 repugnare
1019 880 1087 902 non
1108 867 1247 903 debeo..
1267 895 1276 903 .
1303 870 1336 903 Si
1357 869 1440 904 haec
1466 872 1618 919 tyrannis
1637 874 1688 907 vi-

73 940 96 958 ,‚
123 916 242 954 detur,
269 915 378 952 habeo
395 928 507 954 arma,
535 916 592 951 sed
610 918 646 951 in
665 916 792 952 Christi
812 919 954 952 nomine
968 917 1077 952 habeo
1097 916 1266 952 offerendi
1284 918 1351 952 mei
1367 920 1526 965 corporis
1543 921 1689 965 potesta-

71 988 93 1007 ‚,
121 977 209 1000 tem:
239 965 321 1011 quid
341 978 535 1001 moraretur
557 964 680 1004 ferire,
724 966 748 1002 {i
777 978 961 1015 tyrannum
991 967 1154 1014 putaret?
1180 967 1298 1001 Veteri
1323 967 1397 1015 jure
1419 980 1437 1002 a
1457 966 1687 1006 sacerdotibus

70 1037 92 1056 ‚,
121 1014 245 1050 donata
265 1016 427 1061 imperia,
449 1028 517 1051 non
533 1014 712 1062 usurpata,
741 1026 772 1050 et
788 1016 894 1062 vulgo
913 1016 1000 1054 dici,
1027 1017 1122 1062 quod
1141 1018 1363 1062 imperatores
1383 1015 1604 1054 sacerdotium
1620 1031 1690 1055 ma·

70 1087 92 1103 „
120 1065 171 1110 gis
192 1066 346 1111 optarint
363 1077 463 1110 quam
480 1066 683 1110 imperium:
711 1065 865 1104 christus
885 1065 986 1112 fugit,
1014 1079 1053 1100 ne
1070 1079 1126 1100 rex
1152 1063 1266 1106 fieret,
1292 1077 1352 1101 etc.
1406 1069 1455 1101 Ex
1481 1067 1532 1101 his
1561 1067 1688 1104 constat

70 1113 292 1150 Ambrosium
311 1113 504 1149 existimasse
521 1115 786 1160 imperatoribus
814 1116 913 1150 etiam
946 1114 1069 1162 injusta
1103 1114 1260 1150 adversus
1286 1114 1453 1151 ecclesiam
1481 1117 1686 1152 tentantibus

70 1174 143 1198 non
162 1160 223 1198 effe
241 1163 274 1198 vi
292 1174 324 1197 et
342 1164 445 1198 armis
463 1162 699 1204 refistendum,
729 1175 788 1199 nec
806 1176 864 1199 eos
881 1176 1060 1210 propterea
1077 1163 1118 1199 de
1136 1164 1262 1200 throno
1288 1164 1515 1212 dejiciendos,
1542 1165 1600 1202 sed
1626 1179 1686 1214 pa-

73 1212 196 1248 tienter
213 1212 372 1247 serendos
391 1212 532 1248 illorum
553 1224 710 1254 conatus,
737 1213 816 1249 licet
831 1226 902 1249 non
919 1215 960 1249 iis
975 1212 1216 1250 assentiendum
1233 1213 1283 1250 fit.
1444 1219 1447 1222 “

221 1259 361 1297 δαηῖὶιιε
376 1260 586 1307 Augustinus
606 1263 643 1296 in
671 1262 878 1307 expositione
907 1262 1186 1308 propositionum
1204 1264 1239 1298 in
1263 1266 1326 1310 Ep.
1343 1264 1384 1299 ad
1406 1267 1504 1300 Rom.
1534 1263 1687 1302 observat

71 1308 206 1345 nullum
227 1309 485 1345 christianorum
503 1322 566 1355 per
581 1310 783 1354 religionem
801 1311 841 1344 ab
860 1310 1053 1346 obedientia
1069 1312 1208 1356 regibus
1226 1311 1338 1346 debita
1355 1314 1544 1349 immunem
1564 1313 1648 1349 fieri.
1662 1340 1683 1356 „

68 1383 91 1398 ‚,
115 1356 324 1397 Reffiffime‚
351 1360 481 1406 inquit,
507 1358 686 1400 admonet,
713 1371 754 1394 ne
773 1360 848 1403 quis
868 1371 907 1394 ex
930 1372 987 1401 eo,
1024 1360 1117 1405 quod
1143 1372 1160 1394 a
1179 1359 1323 1396 domino
1348 1360 1407 1396 suo
1431 1364 1466 1396 in
1492 1362 1687 1400 libertatem

67 1431 90 1447 η
118 1419 255 1444 vocatus
275 1406 335 1449 est,
362 1406 472 1443 faetus
499 1407 718 1449 christianus,
747 1408 924 1445 extollatur
941 1411 976 1444 in
997 1408 1209 1456 superbiam,
1235 1421 1265 1446 et
1284 1422 1356 1446 non
1378 1411 1609 1448 arbitreturin
1622 1413 1687 1448 hu-

68 1481 91 1500 ‚,
117 1457 168 1505 jus
187 1459 275 1493 vitae
294 1458 417 1492 itinere
436 1456 636 1493 servandum
655 1456 716 1492 effe
743 1458 903 1494 ordinem
928 1458 1045 1498 suum.
1070 1470 1110 1494 ut
1137 1459 1363 1506 potestatibus
1401 1461 1681 1503 sublimioribus,

70 1531 92 1549 ‚,
118 1507 242 1553 quibus
261 1520 327 1554 pro
347 1517 501 1552 tempore
526 1518 643 1541 rerum
669 1508 906 1552 temporalium
942 1509 1147 1555 gubernatio
1180 1510 1303 1545 tradita
1332 1509 1393 1550 est,
1421 1509 1586 1546 existimes
1613 1524 1684 1547 non

69 1580 92 1597 ‚,
119 1555 184 1592 effe
202 1556 435 1596 subdendum3
461 1566 538 1589 cum
557 1555 647 1589 enim
665 1555 855 1591 constemus
874 1569 909 1591 ex
921 1560 1037 1594 animo
1053 1569 1086 1592 et
1103 1570 1249 1605 corpore
1261 1584 1271 1597 ,
1298 1560 1463 1605 quamdiu
1481 1562 1517 1595 in
1538 1560 1599 1596 hac
1616 1563 1685 1597 vita

66 1629 92 1650 ,‚
120 1605 300 1652 temporali
317 1604 449 1642 sumus,
476 1604 576 1639 etiam
595 1602 695 1638 rebus
720 1605 967 1650 temporalibus
995 1607 1038 1642 ad
1057 1606 1243 1643 subsidium
1271 1609 1441 1655 degendae
1463 1609 1565 1657 hujus
1597 1612 1684 1646 vitae

70 1678 92 1696 „
119 1666 273 1690 utamur:
302 1664 440 1701 oportet
458 1665 520 1688 nos
539 1666 578 1687 ex
597 1665 634 1687 ea
653 1665 765 1699 parte,
794 1666 881 1698 quae
898 1655 940 1689 ad
959 1655 1044 1690 hanc
1055 1656 1157 1690 vitam
1175 1658 1340 1702 pertinet,
1369 1657 1522 1693 subditos
1542 1658 1604 1693 esse
1620 1672 1684 1706 po-

69 1727 93 1744 n
118 1703 308 1745 testatibus,
335 1704 371 1738 id
391 1702 452 1743 est,
481 1702 679 1738 hominibus
696 1715 747 1737 res
765 1704 929 1738 humanas
946 1716 1025 1739 cum
1050 1704 1165 1749 aliquo
1191 1706 1325 1741 honore
1348 1707 1680 1751 administrantibus;

68 1776 92 1793 2.
118 1752 230 1789 exilia
250 1765 332 1788 vero
352 1764 468 1799 parte,
497 1764 563 1797 qua
580 1752 750 1787 credimus
776 1755 874 1793 Deo,
902 1764 934 1787 et
956 1754 992 1788 in
1020 1765 1167 1798 regnum
1197 1754 1268 1801 ejus
1293 1768 1478 1794 vocamur,
1517 1770 1586 1793 non
1614 1771 1685 1793 nos

70 1825 93 1844 a»
120 1813 260 1849 oportet
276 1802 338 1837 effe
354 1801 506 1837 subditos
528 1802 685 1846 cuiquam
701 1802 835 1837 homini
855 1801 1006 1848 idipsum
1022 1803 1058 1837 in
1077 1802 1175 1838 nobis
1203 1815 1352 1839 evertere
1382 1806 1535 1852 cupienti
1551 1832 1559 1847 ,
1589 1807 1684 1851 quod

71 1875 92 1894 „
118 1854 211 1888 Deus
229 1851 270 1887 ad
290 1852 391 1887 vitam
414 1862 583 1885 aeternam
602 1851 727 1885 donare
745 1852 899 1897 dignatus
919 1849 973 1888 est.
1025 1852 1058 1886 Si
1078 1853 1155 1897 quis
1170 1865 1252 1898 ergo
1271 1863 1387 1900 putat,
1416 1856 1578 1899 quoniam
1593 1856 1682 1891 chri-

73 1925 94 1943 „
121 1901 245 1937 stianus
263 1900 326 1942 est,
355 1913 424 1935 non
443 1899 506 1934 fibi
528 1898 589 1934 effe
606 1898 748 1946 veffigal
764 1900 977 1936 reddendum
994 1911 1050 1936 aut
1067 1901 1234 1938 tributum
1246 1926 1256 1940 ,
1282 1914 1339 1939 aut
1355 1915 1425 1938 non
1441 1902 1504 1938 esse
1523 1905 1685 1940 exhiben-

70 1975 93 1994 „
121 1951 205 1987 dum
223 1950 391 1986 honorem
402 1948 551 1984 debitum
569 1950 621 1990 iis,
635 1962 721 1994 quae
741 1949 820 1985 haec
836 1962 964 1991 curant,
982 1949 1219 1996 potestatibus,
1240 1953 1275 1986 in
1294 1965 1419 1998 magno
1438 1965 1553 1988 errore
1578 1954 1686 1990 versa.

71 2025 94 2042 ‚,
119 2012 184 2037 tur.
239 2002 325 2034 Item
343 1998 367 2033 fi
384 2000 459 2043 quis
477 2010 592 2044 putat,
620 1998 653 2033 se
676 1997 737 2033 esse
755 1998 987 2040 subdendum,
1014 2011 1052 2035 ut
1069 2002 1169 2036 etiam
1185 2002 1221 2035 in
1241 2000 1299 2036 sua
1318 2000 1384 2036 fide
1403 2001 1524 2037 habere
1543 2002 1686 2049 potesta·

74 2075 98 2094 ‚,
123 2061 193 2086 tem
220 2048 404 2084 arbitretur
440 2060 537 2089 eum,
571 2049 630 2093 qui
654 2048 901 2094 temporalibus
924 2048 1196 2085 administrandis
1222 2051 1334 2096 aliqua
1358 2050 1565 2087 sublimitate
1591 2065 1687 2099 prae-

74 2124 96 2142 „
124 2098 224 2140 cellit,
241 2099 277 2133 in
294 2097 457 2145 majorem
474 2109 623 2133 errorem
642 2097 786 2140 labitur3
814 2097 871 2132 sed
889 2097 1012 2134 modus
1036 2098 1094 2134 iste
1111 2098 1291 2135 servandus
1310 2099 1373 2141 est,
1400 2112 1503 2145 quem
1520 2102 1684 2138 dominus

74 2173 97 2191 „
123 2149 194 2195 ipse
217 2146 418 2195 praescribit
434 2172 443 2188 ,
471 2157 510 2181 ut
534 2147 715 2182 reddamus
747 2146 886 2184 caesari,
930 2159 1014 2192 quae
1030 2147 1166 2183 caesaris
1191 2148 1283 2190 sunt,
1328 2160 1361 2184 et
1382 2151 1475 2191 Deo,
1509 2163 1593 2196 quae
1617 2152 1683 2188 Dei

76 2223 98 2239 ,.
124 2197 220 2240 sunt3
249 2208 457 2243 quamquam
477 2196 569 2231 enim
591 2196 632 2231 ad
650 2196 736 2231 illud
758 2207 904 2242 regnum
924 2208 1104 2238 vocemur,
1131 2197 1190 2234 ubi
1208 2198 1301 2234 nulla
1317 2200 1381 2233 erit
1398 2198 1542 2244 potestas
1569 2199 1682 2248 hujus-

75 2271 98 2290 „
124 2246 240 2290 modi,
265 2249 302 2282 in
312 2246 378 2283 hoc
397 2257 509 2282 tamen
527 2246 647 2282 itinere
663 2245 745 2282 dum
764 2247 931 2332 agimusss’b
941 2245 1048 2332 {onec
1063 2249 1299 2294 perveniamus
1326 2247 1370 2285 ad
1389 2247 1475 2284 illud
1492 2247 1680 2336 saeculgtm,

1535 2324 1557 2342 „
1574 2312 1597 2336 u
1620 2311 1633 2336 ι
