1982 2739
342 207 412 242 272
560 193 635 231 ‘DE
667 191 940 238 ANTIQVA
976 187 1260 247 ECCLESIAE
1293 189 1623 229 DISCIPLINA

294 284 490 322 fallibilem,
519 281 629 329 potest
646 283 681 318 id
701 282 800 318 etiam
817 278 880 315 esse
896 278 1035 321 falsum3
1063 277 1158 324 quod
1178 276 1201 312 fi
1219 276 1342 313 falsum
1365 278 1399 313 id
1423 277 1484 314 effe
1502 280 1618 326 potest,
1645 279 1753 327 potest
1770 281 1803 316 in
1822 286 1899 328 pgr.-

293 335 428 374 ticulari
444 333 608 381 judicium
625 331 801 377 quodlibet
819 342 927 376 papae
945 327 1006 364 effe
1024 327 1157 363 falsum.
1194 328 1382 372 Quomodo
1399 340 1480 373 ergo
1501 329 1631 364 dicetur
1650 330 1829 365 infallibile
1846 331 1898 377 ju.

294 389 423 421 dicium
436 410 443 424 ,
473 382 565 428 quod
586 381 697 427 potest
711 378 774 415 esse
790 379 937 414 falsum?
990 381 1107 423 Itaque
1130 378 1188 422 qui
1207 376 1382 423 pontilicis
1401 375 1588 412 defendunt
1607 377 1896 420 infallibilitatem,

292 447 453 472 tenentur
470 430 672 478 apertissime
696 427 938 468 demonstrare,
966 427 1055 462 istud
1082 426 1305 473 privilegium
1327 428 1356 460 ei
1381 440 1398 461 a
1415 429 1488 462 Deo
1513 427 1700 463 concessum
1728 428 1805 469 effe,
1834 429 1899 463 hoc

294 498 408 521 autem
424 483 521 517 aliter
539 481 687 527 probare
704 492 772 514 non
789 475 925 524 possunt
941 489 1043 522 quam
1061 489 1097 511 ex
1117 474 1281 521 scriptura
1301 488 1331 509 et
1352 475 1545 511 traditione:
1582 488 1685 520 quare
1711 477 1733 512 fi
1761 490 1799 511 ex
1817 490 1898 513 neu-

293 548 351 572 tro
366 534 474 580 capite
490 530 601 577 palam
618 541 648 564 et
667 540 781 575 aperte
799 528 834 562 id
853 525 1046 567 ostendant,
1071 523 1187 560 astum
1207 525 1252 559 est
1270 525 1311 560 de
1330 525 1386 559 illa
1403 524 1644 560 infallibilitate
1663 526 1846 572 pontificia.

447 584 557 616 Porro
574 580 639 623 qui.
651 576 826 625 pontificis
844 578 986 610 Romani
1003 573 1279 610 infallibilitatem
1294 586 1526 619 propugnant.
1553 587 1620 609 non
1640 576 1674 610 id
1693 574 1751 610 sibi
1767 576 1897 617 volunt,

296 626 670 676 Romanos-pontifices
696 625 837 674 prorsus
852 636 885 659 et
911 636 1128 670 quocumque
1152 625 1186 658 in
1205 623 1279 658 casu
1305 622 1366 659 este
1390 623 1604 658 infallibiles:
1656 625 1728 660 imo
1751 623 1901 661 fatentur

298 696 357 719 eos
374 694 442 717 non
460 678 553 715 secus
572 689 608 713 ac
626 688 774 713 caeteros
793 675 952 710 mortales
971 674 1064 721 saepe
1077 685 1208 711 errare,
1235 685 1273 708 ac
1288 673 1419 718 decipi3
1447 672 1501 708 sed
1518 685 1598 708 tunc
1617 686 1674 709 eos
1692 687 1804 710 errare
1828 688 1899 711 non

296 732 388 780 poffe
407 728 602 778 perhibent,
631 739 700 763 cum
715 738 755 762 ex
772 725 932 760 cathedra
947 724 1156 769 loquuntur,
1186 735 1271 767 quae
1289 735 1353 758 vox
1373 723 1521 768 antiquis
1544 724 1706 759 omnibus
1724 724 1897 771 theologis

295 784 361 820 hoc
379 783 414 817 in
433 779 574 825 negotio
591 778 707 822 ignota
722 789 741 810 a
756 773 1002 809 recentioribus
1016 771 1062 807 est
1079 773 1275 817 excogitata.

447 834 492 864 At
511 827 665 872 quamvis
682 835 801 859 omnes
822 820 1073 855 infallibilitatis
1089 819 1284 866 pontificiae
1299 819 1487 854 adsertores
1506 820 1549 854 de
1568 833 1604 855 ea
1622 823 1834 859 conveniant,
1862 822 1898 857 in

291 883 367 928 xejus
385 890 495 915 tamen
511 874 605 910 sensu
622 872 829 918 adsignando
853 871 1004 905 multum
1024 870 1050 903 a
1065 869 1095 904 se
1113 869 1259 903 invicem
1285 867 1487 914 discrepant:
1515 869 1718 913 quibusdam
1738 871 1834 916 loqui
1859 884 1900 907 ex

296 929 472 968 cathedra,
497 926 586 959 idem
604 922 648 958 est
665 934 701 957 ac
719 933 796 956 cum
813 920 958 955 concilio
972 919 1091 964 loqvui3
1118 917 1171 953 sed
1198 917 1250 953 isti
1268 930 1337 952 non
1355 929 1422 954 tam
1440 918 1599 954 videntur
1623 919 1898 957 infallibilitatem

295 977 453 1026 pontifici
471 974 623 1009 tribuere
639 983 741 1017 quam
761 969 919 1006 coneilio.
972 968 1058 1004 Aliis
1078 981 1115 1002 ex
1134 967 1290 1003 cathedra
1308 967 1412 1012 loqui,
1440 966 1529 1003 idem
1550 967 1642 1004 sonat
1660 982 1695 1004 ac
1714 968 1899 1006 secundum

296 1029 500 1073 scripturam
516 1035 548 1058 et
565 1022 782 1057 traditionem
799 1020 915 1064 loqui3
943 1031 1029 1063 quae
1050 1017 1189 1062 quidem
1206 1016 1370 1064 expolitio
1390 1017 1476 1052 nihil
1496 1020 1604 1064 magis
1624 1018 1741 1054 tribuit
1759 1019 1898 1066 pontifi-

295 1080 344 1119 ci,
365 1087 473 1122 quam
487 1072 626 1108 cuilibet
645 1071 719 1113 alii3
747 1080 879 1105 certum
897 1069 990 1104 enim
1007 1065 1062 1105 est,
1073 1079 1149 1102 eum
1167 1080 1236 1103 non
1256 1079 1385 1109 errare,
1415 1069 1475 1113 qui
1493 1066 1677 1104 secuudum
1695 1068 1898 1115 scnipturam

296 1140 328 1162 et
352 1126 571 1161 traditionem
596 1122 758 1166 loquitur.
810 1119 873 1154 Sed
897 1117 984 1154 illud
1010 1118 1201 1163 quaeritur,
1231 1117 1428 1162 quomode,
1458 1128 1489 1152 et
1512 1130 1552 1151 an
1581 1130 1670 1153 certo
1696 1117 1773 1153 sciri
1797 1117 1897 1166 poffit

295 1174 494 1224 pontificem
529 1170 710 1206 secundum
738 1168 943 1216 scripturam
975 1178 1007 1205 et
1034 1167 1251 1215 traditionem
1277 1167 1400 1212 loqui?
1504 1166 1633 1209 Quodsi
1672 1167 1808 1203 cuilibet
1841 1181 1898 1203 ex.

296 1227 446 1262 aminare
476 1222 573 1256 liceat
588 1245 597 1257 ‚
649 1220 720 1255 ruit
748 1216 905 1264 prefeRO
931 1214 1154 1252 infallibilitas
1183 1215 1241 1250 illa
1273 1214 1458 1262 pontificia.
1537 1215 1606 1251 Alii
1641 1215 1682 1250 fic
1716 1218 1896 1262 explicant,

295 1274 379 1311 illud
408 1286 446 1307 ex
471 1269 628 1306 cathedra
654 1268 767 1312 loqui,
819 1276 857 1301 ut
885 1267 976 1300 idem
1002 1264 1057 1305 fit,
1109 1277 1146 1299 ac
1184 1265 1280 1309 loqui
1315 1277 1350 1302 re
1381 1276 1514 1299 mature
1548 1275 1580 1298 et
1612 1264 1791 1310 diligenter
1827 1279 1899 1301 exa-

293 1325 431 1360 minata.
484 1314 720 1363 Vulgatissima
738 1313 900 1360 expositio
922 1313 1108 1348 verborum
1132 1312 1292 1353 istorum,
1321 1324 1421 1357 quam
1438 1313 1631 1360 Cajetanus‚
1659 1314 1895 1357 Bellarminus,

294 1371 476 1410 Duvallius
496 1380 526 1402 et
542 1367 601 1401 alii
618 1363 886 1403 subministrant,
913 1362 994 1397 haec
1013 1360 1076 1404 est,
1105 1361 1304 1408 pontificem
1329 1361 1426 1406 loqui
1444 1375 1481 1396 ex
1505 1363 1682 1400 cathedra,
1709 1376 1784 1398 cum
1811 1366 1898 1400 circa

294 1423 398 1458 fidem
415 1430 470 1454 aut
489 1418 600 1452 bonos
618 1426 730 1450 mores
750 1411 915 1448 eccle-liam
940 1412 1053 1452 docet,
1082 1411 1138 1446 led
1164 1424 1222 1446 nec
1251 1409 1309 1446 ista
1332 1411 1461 1445 nodum
1486 1411 1585 1457 plane
1607 1411 1724 1454 solvir3
1753 1413 1898 1449 ulterius

292 1473 385 1507 enim
405 1468 587 1514 quaeritur,
603 1464 692 1499 unde
710 1460 943 1507 cognoscatur,
966 1471 1080 1494 utrum
1107 1459 1270 1494 ecclesiam
1289 1460 1407 1493 doceat
1430 1461 1636 1501 universam,
1687 1475 1728 1496 an
1757 1475 1837 1498 vero
1861 1474 1900 1499 ut

294 1523 448 1575 privatus
467 1517 639 1560 loquatur.
691 1513 761 1546 Hic
782 1511 828 1544 eis
856 1522 942 1554 aqua
969 1509 1100 1550 haeret;
1139 1507 1277 1552 quidam
1302 1507 1417 1542 dicunt
1444 1509 1640 1553 pontificem
1671 1522 1751 1546 tunc
1770 1511 1899 1548 censeri

295 1568 461 1607 eeclefiam
483 1565 622 1603 docere,
646 1572 728 1596 eum
747 1559 946 1594 decretalem
967 1557 1104 1597 condit,
1130 1557 1188 1592 alii
1212 1569 1290 1592 cum
1313 1555 1487 1593 consultus
1506 1557 1710 1604 respondet3
1737 1562 1898 1598 nonnulli

281 1628 373 1656 'cum
390 1616 481 1652 bulla
503 1614 573 1661 ejus
599 1622 692 1647 certo
712 1620 868 1656 tempore
891 1607 933 1643 ad
950 1607 1062 1642 valvas
1082 1609 1113 1644 S.
1133 1607 1222 1642 Petri
1245 1604 1341 1642 affixa
1365 1605 1426 1646 est,
1454 1618 1524 1651 quo
1545 1607 1632 1642 nihil
1657 1609 1806 1655 ineptius
1829 1611 1897 1646 dici

324 1667 416 1705 otest.
469 1666 647 1699 Caeterum
666 1659 746 1695 inde
766 1658 952 1703 colligitur⁹
975 1668 1098 1702 quanta
1123 1654 1160 1691 lit
1188 1667 1318 1693 eorum,
1343 1657 1402 1700 qui
1423 1655 1618 1701 pontificem
1635 1659 1830 1696 Romanum
1847 1661 1898 1695 in-

294 1715 472 1756 fallibilem
493 1712 552 1748 effe
569 1713 690 1747 docent
705 1711 739 1743 in
757 1707 812 1743 sua
828 1708 994 1753 opinione
1014 1706 1136 1741 tuenda
1160 1706 1303 1740 anxietas
1322 1716 1353 1740 et
1375 1706 1606 1745 inconstantia,
1625 1719 1663 1742 ex
1685 1720 1748 1752 qua
1766 1709 1807 1744 de
1824 1709 1897 1757 ejus

297 1767 434 1804 falsitate
453 1761 679 1811 praejudicari
697 1757 954 1804 quodammodo
972 1755 1092 1802 potest.
1128 1756 1311 1791 Enimvero
1332 1766 1369 1790 ut
1392 1756 1476 1790 certi
1501 1754 1561 1790 effe
1587 1755 1750 1802 possimus
1776 1759 1818 1793 de
1843 1760 1898 1793 in-

298 1816 500 1852 fallibilitate
520 1811 635 1853 iudicii
651 1808 797 1856 alicujus
812 1819 830 1841 a
846 1809 1001 1842 Romano
1020 1804 1182 1852 pontifice
1198 1803 1274 1844 lati,
1309 1803 1472 1839 debemus
1498 1804 1623 1840 habere
1647 1816 1772 1842 certam
1795 1819 1895 1853 regu-

294 1868 380 1906 lam,
407 1877 468 1909 per
488 1874 589 1907 quam
607 1857 781 1895 manifeste
796 1855 1039 1901 cognoscamus
1057 1855 1122 1892 hoc
1135 1853 1274 1890 illorum
1293 1852 1333 1887 de
1351 1866 1494 1890 numero
1511 1853 1592 1896 effe,
1605 1867 1691 1900 quae
1713 1853 1895 1894 necessario

296 1914 486 1952 infallibilia
503 1911 572 1945 sun
589 1922 597 1951 3
622 1921 655 1944 at
673 1907 828 1944 nondum
847 1905 887 1941 de
905 1905 1073 1953 ejusmodi
1091 1904 1206 1950 regula
1222 1904 1381 1938 convenit
1398 1906 1489 1938 inter
1507 1915 1563 1938 eos
1578 1903 1683 1950 ipsos,
1702 1905 1763 1950 qui
1782 1909 1897 1952 ponti·

298 1965 395 2001 ficem
417 1961 628 1997 inlallib'ilem
648 1957 711 1992 else
728 1956 940 2003 praedicant,
969 1954 1025 1990 sed
1051 1954 1087 1989 hi
1107 1952 1241 1999 quidem
1269 1965 1387 1993 unam,
1416 1953 1473 1988 alii
1502 1966 1582 1989 vero
1605 1953 1704 1990 aliam
1731 1956 1896 1994 conditio-

299 2027 376 2050 nem
396 2013 435 2047 ad
454 2010 691 2045 certitudinem
708 2006 848 2051 alicujus
864 2005 980 2051 judicii
998 2002 1167 2050 pontificii
1184 2000 1374 2046 requffitam
1393 2001 1454 2037 esse
1471 2003 1698 2041 contendunt,
1725 2016 1761 2039 ac
1778 2007 1897 2051 proin·

301 2066 341 2100 de
358 2059 478 2097 necesse
497 2058 540 2093 est
561 2057 722 2096 indicium
741 2054 826 2089 illud
843 2055 878 2089 in
895 2054 1038 2089 dubium
1055 2053 1096 2089 ab
1113 2051 1282 2097 aliquibus
1302 2053 1464 2090 revocari,
1478 2053 1571 2098 quod
1590 2054 1631 2088 ab
1653 2053 1729 2088 aliis
1744 2066 1810 2100 pro
1828 2067 1895 2092 cer-

298 2126 334 2149 to
351 2125 381 2148 et
399 2108 566 2146 infallibiL
598 2104 785 2141 habebitur.

449 2157 634 2202 Quomodo
654 2167 735 2201 crgo
755 2154 933 2198 quisquam
951 2151 1061 2198 potest
1079 2149 1139 2186 esse
1155 2161 1266 2185 certus
1286 2150 1348 2186 hoc
1365 2151 1416 2186 vel
1433 2150 1517 2185 illud
1534 2151 1700 2197 judicium
1719 2150 1760 2185 de
1777 2164 1896 2189 nume-

298 2226 339 2249 ro
359 2208 586 2246 infallibilium
607 2203 680 2245 eise,
703 2216 779 2239 cum
805 2202 989 2237 secundum
1014 2203 1144 2246 aliquos
1167 2201 1201 2234 in
1228 2200 1368 2235 dubium
1396 2201 1546 2235 revocari
1570 2198 1686 2247 possit,
1713 2198 1896 2239 secundum

301 2262 384 2300 alios
403 2260 444 2296 de
462 2270 502 2294 eo
521 2256 674 2294 dubitare
693 2252 729 2291 sit
756 2251 866 2289 nefas:
897 2263 980 2301 ergo
1003 2252 1057 2288 hic
1079 2250 1190 2297 ἑτὲχειν
1215 2260 1369 2297 oportet,
1398 2260 1429 2287 et
1455 2260 1616 2286 neutrum
1637 2249 1801 2298 judicium
1819 2263 1896 2297 ipro

1723 2297 1846 2341 infant,
