2023 2760
1596 152 1601 172 1

714 201 1122 249 ΜοΝιΤνΜ.
1635 210 1687 246 ix

108 288 253 327 dientia
270 289 402 326 eximi.
450 286 565 326 Haec
581 288 671 325 sunt
687 292 906 336 generatim
925 297 1155 338 argumenta
1180 292 1419 341 sequentium
1446 293 1535 332 οέὶο
1561 296 1732 335 disserta-

105 355 281 393 tionum,
306 354 347 388 in
367 351 506 398 quibus
522 355 685 398 praeter
701 362 763 387 ea,
781 363 880 398 quae
896 354 1034 389 titulus
1050 353 1128 401 ipse
1148 355 1307 397 indicat⁹
1340 358 1462 394 multa
1478 360 1550 395 alia
1564 359 1729 396 studiose

103 411 343 463 pertraftata
357 413 555 461 reperieS‚
581 424 680 460 quae
697 413 1106 463 tibiparagraphorum
1124 415 1244 451 index
1261 418 1469 455 exhibebit.
1495 419 1613 457 Plura
1621 433 1726 457 nunc

101 478 144 512 in
160 486 301 512 omnes
318 474 607 511 dissertationes
622 474 790 523 praefari
808 476 902 511 nihil
919 486 1021 524 opus
1039 474 1113 516 est,
1142 487 1229 511 cum
1246 476 1403 524 singulis
1422 481 1545 518 ferme
1572 482 1647 518 fint
1663 480 1728 517 ad-

54 521 57 527 ,
99 536 182 575 fixa
197 538 446 586 praeloquia,
470 535 610 584 quibus
629 535 924 585 uniuscujusque
944 537 1218 575 dissertationis
1245 540 1393 577 utilitas
1418 547 1460 577 et
1485 544 1726 591 propositum

100 596 280 636 breviter
305 603 577 646 exponuntur.
1676 615 1680 618 ⁴

200 656 266 695 Ne
288 663 374 706 quis
389 672 488 697 Vero
504 659 727 713 suspicetur,
743 671 807 696 me
824 660 952 708 aliquo
972 663 1011 698 in
1027 661 1226 698 ecclesiam
1242 660 1461 700 Romanam
1485 664 1572 700 odio
1591 666 1728 714 impul-

97 719 180 758 sum
192 745 203 762 ,
228 719 515 757 dissertationes
532 719 622 756 istas
637 722 676 757 in
693 721 822 757 lucem
840 725 1043 765 emittere,
1072 724 1214 761 consilii
1234 726 1310 761 mei
1328 728 1427 762 ratio
1445 726 1638 762 reddenda
1656 730 1726 763 mi-

84 770 138 818 'hi
148 781 209 820 est.
233 781 416 831 Inprimis
427 793 526 819 vero
536 781 736 830 protestor
745 795 809 819 me
819 783 947 820 sedem
969 786 1215 834 apostolicam
1228 814 1236 828 ‚
1264 792 1306 823 et
1326 790 1389 835 qui
1408 790 1501 824 inea
1516 787 1641 829 sedet,
1663 788 1727 824 In-

95 845 326 881 nocentium
343 843 411 880 XI.
421 842 649 892 pontificem
658 847 863 886 venerari3
888 848 1086 884 eeclesiam
1104 847 1324 884 Romanam
1335 854 1378 885 ut
1388 855 1629 886 caeterarum
1642 863 1725 886 om-

95 906 203 941 nium
222 911 361 954 caput,
385 918 484 945 vero
504 910 547 942 et
562 905 717 942 fincero
732 906 889 943 honore
910 909 1112 956 prosequi·⁷
1145 909 1234 958 ejus
1259 914 1576 948 communionem
1608 923 1724 959 quam

93 965 356 1004 studiofiffime
371 966 523 1016 possum
537 966 679 1005 fovere
696 974 739 1004 et
755 968 954 1017 amplecti,
980 982 1054 1007 nec
1072 982 1241 1018 unquam
1260 985 1324 1012 me
1341 975 1407 1011 vel
1416 974 1535 1010 latum
1546 984 1722 1020 unguem

94 1039 118 1064 a
137 1028 265 1065 debita
280 1028 349 1076 ipfi
365 1028 585 1064 obedientia
603 1029 854 1067 recessurum.
904 1029 1077 1071 Verum,
1112 1038 1266 1070 tantum
1288 1035 1409 1076 abest,
1428 1040 1473 1071 ut
1489 1041 1626 1083 putem
1653 1034 1723 1069 dis·
1739 1082 1742 1085 ι

93 1088 330 1124 sertationes
347 1098 456 1122 meas
474 1086 679 1133 quidquam
697 1087 787 1134 ejus
795 1089 1015 1125 auotoritati
1033 1090 1215 1134 officere,
1241 1098 1286 1129 ut
1303 1107 1326 1130 e
1344 1101 1482 1131 contra
1500 1095 1719 1131 existimem

94 1159 163 1184 eas
178 1148 256 1183 hoc
269 1147 496 1194 praesertim
518 1153 701 1190 tempore
717 1148 763 1180 ad
780 1148 1053 1192 adjungendos
1071 1154 1107 1184 ei
1127 1154 1339 1189 multorum
1350 1158 1500 1191 animos
1512 1156 1628 1191 utiles
1636 1156 1719 1192 val-

91 1208 140 1244 de
156 1218 203 1243 ae
219 1204 454 1242 necessarias
473 1203 579 1237 fore:
629 1215 720 1238 nam
749 1215 826 1249 quo
852 1204 966 1250 paeto
991 1207 1184 1242 innumeri
1202 1220 1306 1254 pene
1323 1217 1509 1248 extorres
1521 1238 1529 1252 ‚
1558 1218 1621 1259 qui
1639 1216 1717 1251 Dei

89 1268 229 1317 optimi
245 1264 413 1303 Maxitni
430 1264 644 1304 beneficio,
669 1263 848 1299 secundis
865 1266 972 1311 regis
990 1265 1280 1304 christianissimi
1300 1272 1424 1312 curis,
1460 1273 1498 1309 in
1524 1272 1649 1309 Gallia
1670 1275 1719 1311 ad

86 1327 289 1368 ,ecclesiam
306 1325 568 1366 accesserunt,
595 1323 764 1360 Romani
781 1325 980 1373 pontificis
1000 1329 1210 1375 primatum
1229 1335 1272 1366 et
1288 1331 1560 1372 auetoritatem
1580 1337 1719 1382 agnos-

89 1395 206 1432 cent,
231 1388 303 1432 nis}
316 1386 434 1436 hujus
452 1386 627 1436 potestas
642 1388 744 1427 intra
757 1385 882 1435 justos
891 1388 1035 1424 limites
1047 1389 1304 1427 cohibeatur?
1331 1391 1540 1439 Quomodo
1558 1397 1625 1445 ipsi
1652 1397 1720 1434 de-

87 1453 208 1489 bitam
227 1449 477 1498 praestabunt
492 1448 751 1485 obedientiam
770 1453 812 1484 et
826 1452 1089 1487 reverentiam
1102 1478 1111 1493 ‚
1137 1452 1166 1488 fi
1182 1451 1310 1490 odiosa
1333 1460 1377 1492 et
1401 1460 1532 1502 gravis
1556 1460 1716 1506 regibus

88 1518 130 1551 et
147 1512 303 1561 populis
319 1509 569 1547 ostentetur?
617 1509 785 1547 Peffime
811 1523 907 1558 ergo
925 1513 975 1548 illi
994 1512 1043 1559 de
1073 1514 1160 1549 sede
1178 1514 1386 1563 apostolica
1399 1525 1621 1561 merentur,
1650 1524 1715 1568 qui

86 1575 362 1613 auetoritatem
381 1572 469 1620 ejus
488 1574 647 1609 nimium
666 1573 884 1615 extollunt,
911 1580 952 1611 et
971 1575 1140 1612 indebita
1157 1575 1340 1614 Romano
1356 1581 1532 1627 pontifici
1557 1585 1715 1631 privile-

86 1641 325 1686 giaquoquo
344 1633 501 1670 tandem
518 1632 632 1682 paeto
649 1632 823 1670 tribuere
832 1646 913 1671 non
928 1642 1130 1674 verentur.
1184 1638 1344 1688 Optime
1355 1653 1454 1679 vero
1472 1642 1522 1684 hi,
1540 1647 1602 1691 qui
1620 1644 1715 1681 divi-

85 1709 182 1743 num
199 1695 368 1731 Romani
387 1695 585 1742 pontificis
602 1697 810 1743 primatum
824 1723 835 1738 ‚
861 1701 903 1733 et
921 1697 1135 1746 supremam
1156 1700 1244 1750 ejus
1266 1705 1306 1739 in
1324 1703 1484 1740 ecclesia
1507 1704 1714 1742 annm-ita-

85 1761 170 1795 tem
191 1756 320 1798 solidis
344 1756 567 1799 rationibus,
584 1756 849 1799 adstruentes,
876 1770 974 1806 quae
997 1760 1064 1805 vel
1086 1763 1192 1798 nullo
1212 1765 1304 1800 nixa
1328 1765 1415 1801 sunt
1436 1765 1712 1809 fundamento,

84 1819 151 1858 vel
169 1816 417 1854 ecclesiarum
443 1817 630 1859 libertati,
684 1824 725 1854 et
751 1819 879 1855 sacrae
903 1832 1041 1867 regum
1072 1819 1291 1862 austoritati
1309 1827 1581 1869 adversantur,
1616 1835 1714 1864 tam-

85 1891 201 1927 quam
219 1877 348 1914 odiosa
365 1883 406 1913 et
421 1874 520 1914 onei
511 1880 585 1915 osa
600 1880 811 1927 pontificib·
807 1892 850 1916 is
867 1879 1062 1928 iejiciunt.
1115 1883 1207 1921 Hoc
1224 1888 1382 1924 consilio
1404 1890 1498 1926 cleri
1524 1889 1712 1926 Gallicani

85 1951 189 1977 anno
211 1939 316 1981 1682.
343 1942 572 1986 congiegati
590 1946 745 1988 panes,
774 1953 852 1977 non
879 1947 958 1978 tam
984 1943 1030 1978 ad
1049 1945 1253 1983 libertates
1278 1948 1362 1984 suas
1388 1953 1712 1999 plopugnand¹18‚

83 2014 199 2050 quam
217 2000 265 2036 ad
280 2001 516 2037 vindicanda·
509 2014 547 2037 m
567 2001 748 2037 ecclesiae
759 2000 961 2039 Romanae
980 2004 1232 2051 dignitatem,
1259 2010 1346 2057 quid
1367 2011 1414 2047 de
1430 2011 1597 2050 Romani
1615 2026 1713 2062 pon-

81 2063 198 2100 tificis
216 2060 412 2110 potestate
428 2062 672 2098 sentiendum
692 2061 810 2104 esset,
827 2063 987 2100 solemni
1015 2062 1175 2103 decreto
1186 2070 1250 2106 san
1253 2084 1326 2108 <ei
1329 2077 1410 2109 unt

183 2122 300 2169 Quod
316 2134 404 2158 cum
424 2125 477 2160 ita
495 2124 564 2165 fit,
591 2137 709 2161 nemo
726 2126 1019 2172 reprehendeie
1040 2138 1113 2164 nos
1131 2130 1247 2168 debet
1271 2135 1318 2169 ob
1342 2134 1492 2171 emissas
1508 2137 1584 2172 hoc
1603 2142 1702 2173 tem-

81 2198 181 2235 pore
198 2187 236 2221 in
254 2185 383 2220 lucem
398 2185 707 2227 lucubiationes‚
736 2189 774 2224 in
793 2188 930 2234 quibus
949 2189 1099 2225 adse1to
1115 2190 1284 2230 Romani
1307 2197 1503 2243 pontificis
1521 2199 1700 2244 primatu,

63 2239 306 2295 ‘etlegithna
321 2243 409 2292 ejus
420 2246 613 2293 potestate
630 2247 799 2287 defensa,
826 2248 915 2283 falsa
936 2255 975 2285 et
1003 2250 1235 2296 adulteiina,
1254 2268 1351 2303 quae
1368 2258 1469 2306 ipsia
1451 2258 1528 2293 ,11)
1528 2258 1707 2304 inquibus

885 2310 903 2326 ³*
924 2312 941 2326 '⁹
1536 2321 1658 2355 inme-
