2023 2760
443 187 953 224 msSERTA‘t-mNEs
983 182 1330 229 HisToRteAE'.
1422 182 1426 183 ⁷
1617 210 1656 243 35

97 277 204 324 clefiae
222 278 391 313 Romanae
408 275 561 320 antistes,
587 286 626 312 ut
642 274 857 312 occidentales
879 279 1078 323 provincias
1094 290 1231 330 regeret
1245 307 1253 319 ,
1281 279 1344 319 mos
1362 283 1517 320 obtinuit.
1572 289 1596 319 Α
1608 286 1683 328 ἔξω
1696 311 1704 318 t

97 326 148 373 git'
163 327 241 361 huie
263 325 491 361 Bais-amonem
510 337 540 359 et
557 325 641 361 alios
669 328 823 362 Graecos
843 328 1042 365 recentiores
1056 354 1064 368 ,
1094 332 1152 375 qui
1182 330 1333 367 fatentur
1352 336 1615 379 patriarchatum
1636 340 1704 371 Ro,

94 388 234 411 manum
253 376 386 410 extendi
404 388 466 421 per
484 387 593 409 totum
609 374 832 410 occidentem.
864 376 964 410 Unde
986 376 1314 416 Thessalonicensem
1330 409 1337 423 ,
1368 385 1587 419 Corinthium
1605 411 1612 425 ,
1632 388 1699 421 Ni.

93 426 343 471 copolitanum‚
372 423 630 471 Atheniensem,
660 425 848 460 Patrensem
878 427 1162 472 metropolitanos
1188 443 1205 463 a
1231 430 1370 466 dioecesi
1398 435 1543 468 Romani
1566 436 1701 480 pontifi‹

95 477 141 510 cis
159 473 309 515 avulsos,
338 485 370 509 et
383 473 452 509 sedi
471 473 867 520 Constantinopolitanae
883 473 1049 521 subjefi'cos
1067 477 1129 513 else
1147 477 1288 520 constat,
1308 491 1379 516 tum
1400 495 1440 516 ex
1458 485 1577 518 notitia
1594 486 1702 520 Grae-

97 536 238 560 corum,
265 535 338 559 tum
359 536 396 558 ex
416 527 650 559 Romanorum
669 522 873 570 pontificum
895 523 1063 570 epistolis,
1092 528 1263 563 Hadriani
1279 527 1402 563 scilicet
1420 543 1451 565 et
1470 533 1605 569 Nicolai
1618 560 1625 574 ,
1638 537 1698 579 qui

91 574 288 620 provincias
312 572 385 608 istas
402 583 573 617 tamquam
593 572 666 609 suas
690 583 862 619 repetunt.
899 573 1090 611 Confirmat
1106 576 1193 611 istud
1211 578 1414 613 Sit-mondus
1432 593 1472 614 ex
1492 585 1597 617 veteri
1617 586 1700 618 Hie-

91 624 230 670 ronymi
248 620 357 663 dieto,
386 623 443 667 qui
460 624 495 656 in
514 621 651 668 epistola
670 622 710 657 ad
743 625 900 658 Marcum
937 622 1017 658 haec
1038 627 1106 662 ait.-
1132 628 1350 663 Haereticam
1373 641 1423 664 me
1441 642 1509 665 cum
1525 633 1698 672 occidente,

90 672 294 709 haereticum
312 683 360 707 me
375 684 446 707 cum
461 672 640 720 Aegypto,
667 672 722 708 hoc
739 672 799 719 est,
834 685 903 707 cum
929 672 1072 719 Damaso
1096 677 1257 724 Petroque
1282 678 1505 715 condemnent.
1557 684 1697 728 Suppo-

92 732 177 756 nens
195 732 265 756 tam
281 721 494 756 occidentem
509 719 645 756 Damasi
663 721 840 756 dioecesim
857 719 974 762 fuisse,
1003 736 1106 768 quam
1122 729 1321 774 Aegyptum
1338 729 1437 763 Petri.

187 771 321 806 Verum
339 770 419 806 haec
435 771 578 805 omnino
595 770 680 805 levia
699 770 795 809 sunt,
822 783 900 806 nam
917 773 1035 817 primo
1060 775 1276 810 Graecorum
1301 775 1446 813 istorum
1465 781 1694 817 recentiorum

89 818 323 856 austoritatem
348 820 490 867 majoris
510 832 580 854 non
599 819 706 858 facio,
734 822 806 855 imo
826 822 993 862 minoris,
1011 835 1114 867 quam
1131 825 1236 871 ipsius
1254 827 1427 862 Sirmondi
1446 827 1692 865 testimonium;

88 870 139 905 illi
156 871 247 905 enim
268 870 308 904 de
327 868 425 904 rebus
446 867 513 904 istis
532 869 723 914 loquuntur
742 882 779 904 ex
798 871 1039 918 praejudicatis
1059 875 1283 920 opinionibus
1302 901 1310 916 ‚
1349 889 1571 922 veterumque
1595 878 1695 915 disci-

85 919 215 967 plinam
231 932 271 954 ex
290 931 344 957 ea,
371 931 458 964 quae
477 918 534 954 sua
550 930 656 954 aetate
675 919 828 965 vigebat,
856 921 970 955 metiri
985 920 1103 959 solent.
1157 927 1198 959 Et
1221 937 1327 969 quum
1355 939 1395 961 eo
1423 939 1594 975 tempore,
1624 942 1693 974 quo

85 969 165 1004 haec
181 968 390 1009 scribebant,
418 969 562 1003 Romani
580 968 754 1014 pontificis
779 968 938 1003 dioecefis
964 971 1005 1005 ad
1031 972 1153 1008 multas
1183 975 1369 1010 occidentis
1395 980 1589 1021 provincias
1617 979 1693 1014 effet

85 1016 277 1064 progressa,
305 1030 376 1052 non
391 1019 648 1058 examinarunt,
669 1029 786 1052 utrum
803 1017 925 1064 synodi
948 1019 1119 1055 Nicaenae
1136 1034 1290 1067 tempore
1316 1025 1450 1060 eosdem
1468 1026 1633 1062 habuiffet
1650 1028 1690 1062 li..

85 1068 198 1102 mites.
251 1068 328 1102 Imo
346 1077 460 1100 totum
476 1065 526 1099 illi
543 1066 755 1100 occidentem
775 1066 866 1100 ultro
884 1066 1133 1109 concesserunt,
1159 1081 1197 1104 ut
1214 1070 1345 1107 facilius
1371 1073 1471 1109 illum
1488 1075 1527 1110 ab
1558 1078 1691 1112 oriente

83 1126 234 1151 arcerent
250 1131 262 1149 ;
289 1114 385 1150 suum
406 1115 651 1150 tantummodo
679 1125 834 1149 curantes
860 1140 868 1154 ‚
905 1127 937 1150 et
954 1115 994 1150 de
1021 1119 1129 1153 alieno
1156 1120 1242 1159 nihil
1268 1120 1414 1158 solliciti.
1470 1124 1522 1159 Ad
1542 1125 1690 1171 ejusdcm

82 1166 154 1200 aevi
173 1163 382 1209 disciplinam
400 1164 568 1207 pertinet,
599 1163 693 1205 quod
712 1161 894 1215 pontifices
919 1166 1066 1200 Romani
1094 1169 1335 1205 Macedoniam
1361 1183 1392 1205 et
1421 1173 1597 1209 Graeciam
1626 1175 1687 1211 sibi

85 1211 216 1248 avulsas
232 1221 443 1255 queruntur,
470 1211 551 1253 quia
568 1209 708 1248 scilicet,
738 1220 774 1242 ut
793 1209 1067 1250 obiervavimus,
1101 1214 1247 1258 aliquam
1269 1219 1304 1250 in
1324 1218 1405 1252 haec
1423 1219 1495 1254 loca
1511 1220 1689 1258 austorita-

82 1272 150 1296 tem
168 1259 230 1296 fibi
247 1259 463 1294 vindicarunt
477 1256 654 1304 pontifices
667 1283 675 1298 ,
691 1268 725 1291 et
737 1256 917 1292 dioecesim
936 1258 1028 1295 suam
1046 1259 1129 1297 istuc
1144 1262 1319 1299 extendere
1336 1269 1448 1302 conati
1470 1279 1563 1304 erant
1581 1272 1690 1308 Thes-

81 1308 272 1347 stlonicenfi
292 1307 454 1355 episcopo
473 1309 563 1342 vices
582 1306 654 1342 suas
671 1305 932 1342 committentes.

182 1358 291 1402 Quod
306 1356 438 1405 spefilat
455 1357 496 1392 ad
517 1358 729 1404 Hieronymi
743 1356 856 1392 locum
877 1381 886 1394 ‚
911 1358 1000 1393 nihil
1012 1359 1156 1405 prorsus
1173 1361 1213 1397 ad
1230 1373 1302 1398 rem
1313 1365 1461 1409 pertinet
1479 1382 1489 1400 .·
1516 1379 1577 1403 nec
1594 1370 1690 1407 enim

82 1409 132 1445 ibi
149 1411 219 1454 agit
238 1408 278 1443 de
295 1406 516 1445 dioecesibus,
542 1406 598 1442 sed
617 1407 658 1441 de
679 1405 745 1441 fide
761 1408 911 1454 Aegypti
929 1418 960 1442 et
976 1409 1174 1447 occidentis.
1228 1413 1369 1460 Quippe
1387 1427 1493 1459 quum
1516 1420 1689 1468 Hierony-

79 1470 157 1494 mus
175 1459 210 1493 in
231 1459 327 1506 Syria
345 1457 469 1503 degens
485 1470 503 1491 a
522 1455 698 1491 nonnullis
717 1454 951 1499 adcusaretur,
970 1471 1007 1493 ut
1023 1457 1125 1496 fidem
1147 1460 1371 1498 suaminturo
1391 1465 1549 1508 collocet,
1579 1481 1687 1513 quum

79 1509 115 1543 in
135 1509 266 1543 oriente
288 1507 329 1541 de
353 1507 519 1552 religione
543 1504 756 1539 dissensiones
784 1502 919 1549 forent3
944 1508 1129 1544 occidentis
1159 1521 1270 1546 autem
1296 1525 1327 1548 et
1353 1516 1502 1562 Aegypti
1536 1517 1687 1565 episcopi

80 1568 191 1593 unum
210 1556 391 1596 sentirent,
419 1554 528 1590 visum
544 1554 591 1588 est
607 1554 657 1589 illi
681 1552 783 1588 fidem
806 1552 900 1589 suam
925 1557 1104 1603 utriusque
1129 1560 1321 1596 testimonio
1347 1561 1474 1598 restam
1503 1564 1686 1604 ostendere.

81 1607 253 1643 Nominat
269 1617 380 1640 autem
401 1608 536 1639 Petrum
559 1603 826 1638 Alexandrinum
844 1614 875 1639 et
890 1607 1094 1650 Damasum,
1123 1611 1286 1655 quoniam
1306 1620 1381 1646 cum
1406 1612 1467 1647 isto
1486 1623 1577 1651 totus
1597 1619 1684 1653 occi-

81 1657 164 1691 dens
180 1681 188 1696 ,
216 1667 294 1690 cum
311 1654 371 1689 illo
396 1654 548 1702 Aegypti
566 1652 723 1688 dioecesis
757 1654 890 1698 integra
913 1654 979 1689 fide
1001 1664 1039 1691 ac
1063 1661 1308 1704 communione
1332 1661 1586 1708 jungebantur,
1615 1673 1694 1702 non'

85 1704 180 1750 quod
198 1704 257 1739 iste
279 1704 463 1739 occidentis
484 1704 607 1743 totius,
636 1702 693 1737 ille
710 1704 860 1750 Aegypti
878 1705 1068 1749 patriarcha
1085 1706 1186 1743 foret.
1241 1710 1364 1745 Eadem
1389 1712 1430 1745 de
1448 1713 1544 1750 causa
1570 1717 1685 1752 Theo.

80 1753 193 1790 dusius
209 1751 358 1789 ecclesias
377 1752 463 1787 tradi
483 1750 572 1800 juffit
593 1753 653 1789 iis,
683 1753 741 1797 qui
764 1764 839 1787 cum
868 1753 1033 1792 Damaso,
1061 1759 1162 1792 Petro
1189 1769 1221 1792 et
1247 1759 1338 1801 aliis,
1368 1773 1454 1805 quos
1473 1763 1506 1796 in
1530 1764 1605 1810 lege
1626 1766 1684 1802 sua

80 1804 252 1841 nominat,
280 1805 589 1839 communicarent,
617 1802 698 1846 quia
716 1800 838 1836 scilicet
859 1815 964 1847 quum
991 1803 1042 1838 illi
1064 1804 1168 1841 fidem
1193 1809 1380 1844 Nicaenam
1406 1819 1521 1856 aperte
1547 1814 1684 1860 profite.

78 1864 210 1893 rentur,
240 1851 358 1888 necesse
377 1863 444 1886 erat
464 1864 538 1892 eOS‚
568 1854 719 1897 quicum
736 1849 801 1886 illis
820 1853 1111 1890 communicabant
1129 1866 1160 1891 et
1178 1855 1382 1897 sentiebant,
1410 1862 1561 1900 eamdem
1579 1863 1682 1901 fidem

77 1902 251 1949 profiteri,
280 1914 386 1947 quum
410 1908 495 1946 ergo
519 1913 638 1936 omnes
656 1901 876 1936 occidentales
896 1913 973 1937 cum
991 1903 1135 1940 Damaso
1163 1909 1472 1951 communicarent,
1499 1924 1618 1957 atque,
1646 1927 1684 1951 ug

78 1953 193 1998 inquit
210 1954 374 1997 Optatus,
402 1955 583 1986 commercio
594 1954 844 1997 formatarum,
872 1955 908 1986 in
925 1964 990 1987 una
1008 1957 1237 1990 communionis
1248 1955 1405 1993 societate
1422 1963 1682 2000 concordarent,

79 2013 150 2037 non
169 2001 259 2036 secus
277 2013 313 2034 ac
332 2000 481 2048 Aegypti
508 2010 585 2035 cum
606 2004 703 2035 Petro
723 1999 948 2035 Alexandrino
968 2027 976 2041 ,
1012 2005 1136 2038 merito
1165 2006 1401 2053 Hieronymus
1429 2008 1468 2044 ad
1498 2013 1683 2048 occidentis

76 2059 113 2086 et
131 2050 276 2099 Aegypti
293 2049 393 2084 fidem
415 2049 700 2095 cognoscendam,
721 2050 808 2083 Petri
825 2062 860 2084 ac
879 2050 1009 2085 Damasi
1030 2050 1129 2088 fidem
1147 2054 1181 2088 in
1202 2056 1352 2092 medium
1368 2058 1543 2103 producit.
1569 2067 1683 2108 Atque

75 2100 157 2136 haee
183 2100 225 2134 de
243 2098 488 2146 patriarchatus
502 2101 654 2134 Romani
684 2098 874 2139 limitibus,
902 2112 991 2135 nunc
1009 2100 1050 2135 de
1074 2101 1147 2137 aliis
1173 2105 1341 2149 agendum
1361 2106 1414 2142 est.

177 2148 351 2184 Secundus
387 2149 477 2182 inter
510 2148 717 2194 patriarchas
746 2148 840 2183 locus
869 2149 949 2183 olim
976 2150 1205 2187 Alexandrino
1235 2155 1394 2202 episeopo
1426 2157 1596 2195 concessus
1626 2161 1682 2201 est.

79 2198 152 2234 Cur
166 2210 279 2233 autem
297 2197 548 2232 Antiochenum
572 2195 800 2244 praecesserit,
835 2199 924 2233 haud
944 2197 1039 2235 facile
1064 2200 1108 2235 est
1133 2202 1240 2237 dicere
1259 2219 1265 2237 :
1293 2205 1348 2239 hic
1370 2206 1465 2240 valde
1493 2207 1655 2245 desudant
1674 2239 1681 2246 .

78 2246 411 2292 quipatriarchicam
430 2247 623 2293 dignitatem
643 2261 661 2283 a
687 2249 776 2284 Petri
801 2245 1002 2284 fundatione
1027 2262 1205 2296 repetunt,
1230 2265 1310 2289 nam
1333 2255 1598 2293 Alexandrinam
1629 2273 1680 2295 ec.

880 2300 909 2332 E
938 2310 954 2331 2
1385 2307 1389 2310 ·
1569 2307 1633 2343 cle,
