2023 2760
374 227 397 258 4
598 216 670 251 DE
695 210 967 256 ANTIQVA
992 207 1299 248 ECCLESIAE
1325 212 1659 255 DISCIPLINA

328 284 341 297 ιθ

328 314 459 339 canone
479 316 509 337 2.
529 302 777 348 metropolitica
795 301 943 347 dignitas
959 300 1126 347 primatus
1143 299 1340 347 adpellatur.
1395 304 1487 340 Illud
1504 305 1625 341 deinde
1650 308 1744 342 inter
1770 310 1935 356 episcopos

328 353 462 389 urbium
481 352 683 399 Arelatensis
705 362 737 388 et
758 351 949 397 Viennensis
961 376 969 391 ‚
997 352 1056 398 qui
1072 349 1113 384 de
1126 353 1293 396 primatus
1303 353 1393 399 apud
1409 366 1464 388 nos
1480 356 1604 389 lmmre
1613 356 1806 397 certabant,
1834 371 1852 392 a
1858 361 1937 403 slm-

326 403 383 447 ss‘i'a
399 402 525 449 synodo
544 401 716 441 definitum
737 401 795 448 est,
822 409 860 436 ut
876 403 935 448 qui
954 411 994 434 ex
1013 401 1058 434 eis
1075 398 1320 445 adprobaverit
1338 405 1511 438 civitatem
1523 404 1621 448 suam
1641 405 1700 451 effe
1721 409 1940 453 metropolim,

331 455 360 485 is
377 454 481 486 totius
495 453 695 496 provinciae
709 453 896 498 primatum
915 448 1074 484 obtineat.
1101 451 1152 484 Ita
1169 449 1268 484 etiam
1286 451 1318 485 S.
1339 454 1407 486 Leo
1426 454 1485 498 Ep.
1511 463 1562 496 53.
1587 454 1717 497 quaein
1737 454 1814 490 edit.
1846 458 1940 499 Que-

331 500 426 534 nellii
444 498 487 534 est
506 506 562 541 80.
583 512 649 535 non
660 501 909 537 convellantur,
934 499 1065 543 inquit,
1091 499 1348 545 provincialium
1363 503 1452 547 jura
1473 504 1701 547 primatuum,
1739 503 1776 539 id
1800 504 1845 540 est
1869 519 1941 540 me-

333 549 644 595 tropolitanorum3
671 547 779 584 statim
800 549 890 583 enirn
907 547 1036 588 subdit,
1065 559 1123 582 nec
1135 549 1337 597 privilegiis
1356 553 1547 598 antiquitus
1565 552 1730 596 institutis
1753 557 1942 602 metropoli-

327 601 406 634 tani
412 597 628 644 fraudentur
646 598 824 646 antistites.
876 600 972 632 Haec
988 608 1101 633 autem
1119 596 1264 643 profert,
1279 610 1317 633 eo
1330 599 1422 644 quod
1439 599 1620 635 Anatolius
1637 601 1672 635 in
1691 601 1774 637 1ocis
1800 604 1944 650 patriar-

330 647 444 682 chatui
469 646 529 683 suo
549 647 688 683 subditis
706 647 990 694 metropolitanos
1009 646 1183 693 episcopos
1203 649 1437 696 propriojure
1462 648 1639 694 spoliasset.
1692 650 1788 686 Idem
1809 666 1861 699 ep.
1884 666 1940 698 91.

329 696 564 732 Theodorum
583 696 932 743 reprehendit,'quod
949 709 1026 732 cum
1043 696 1306 743 metropolitano
1324 699 1382 733 iuo
1409 699 1569 744 primitus
1597 699 1637 733 de
1663 699 1859 744 quaestione
1882 701 1944 738 fibi

328 745 504 792 proposita
524 759 592 781 non
609 745 817 787 contulliset,
844 750 944 794 quia,
969 747 1101 792 inquit,
1129 749 1167 782 in
1183 746 1294 792 causis,
1312 760 1396 796 quae
1413 748 1459 782 ad
1478 750 1672 796 generalem
1699 751 1944 796 observantiam

327 798 522 842 pertinent,
549 797 640 831 nihil
651 797 717 839 sine
731 795 940 844 primatibus
955 805 1099 844 oportet
1122 798 1263 844 inquiri.

483 846 614 880 Concil.
635 845 751 882 Tolet.
769 847 850 881 anni
870 850 953 880 610.
970 856 1052 881 tom.
1078 856 1108 889 5.
1126 845 1244 881 concil.
1265 845 1328 882 col.
1348 849 1454 890 1624.
1507 847 1719 882 Toletanum
1738 849 1945 896 metropoli-

330 904 448 930 tanum
466 897 647 941 primatem
664 894 823 941 adpellat,
874 896 1032 940 Denique
1046 895 1214 930 Nicolaus
1233 897 1260 930 Ι.
1288 896 1323 929 in
1341 895 1526 942 appendice
1543 909 1594 943 ep.
1622 909 1676 944 ep.
1698 910 1727 942 5.
1749 908 1771 934 t.
1795 905 1826 939 8.
1848 910 1942 935 conc.

333 944 397 979 col.
417 956 500 989 419.
529 945 834 991 metropolitanum
860 944 1006 991 adpellat
1024 944 1204 990 primatem
1228 946 1436 989 provinciae.

364 998 367 999 ’
483 996 578 1029 Haec
602 994 648 1029 est
670 996 763 1030 vocis
787 994 877 1029 illius
903 995 1040 1038 antiqua
1063 992 1278 1037 significatio,
1331 1006 1413 1038 quae
1432 993 1545 1039 postea
1563 1006 1689 1030 mutata
1706 994 1771 1035 est,
1802 993 1942 1030 saeculis

332 1054 481 1086 namque
498 1042 747 1088 posterioribus
775 1044 906 1088 primas
931 1055 949 1075 a
978 1041 1246 1085 metropolitano
1274 1040 1434 1087 distingui
1462 1044 1592 1087 coepit,
1627 1045 1784 1087 huncque
1808 1045 1946 1078 titulum

333 1090 617 1136 adrogaruntfibi
635 1092 896 1136 praecipuarum
917 1089 1143 1133 quarumdam
1170 1087 1300 1123 sedium
1321 1089 1491 1135 episcopi:
1522 1091 1705 1135 quosensn
1724 1091 1860 1126 voxista
1879 1091 1944 1127 sae-

333 1140 414 1186 pius
430 1138 556 1185 legitur
574 1141 609 1174 in
627 1139 758 1185 pseudo
781 1136 931 1185 epistolis
957 1139 1154 1183 primorum
1177 1136 1382 1182 pontificum
1408 1148 1440 1173 et
1462 1139 1496 1173 in
1522 1141 1678 1185 genuinis
1698 1139 1943 1187 posteriorum.

333 1194 448 1233 Atque
464 1190 555 1223 hune
576 1189 722 1222 titulum·
734 1187 930 1221 habuerunt
948 1186 1071 1230 plures.
1081 1187 1116 1218 in
1133 1186 1306 1218 occidente
1315 1198 1517 1230 magnarum
1535 1189 1675 1225 urbium
1686 1189 1835 1236 episcopi
1849 1217 1855 1230 2
1869 1192 1945 1235 qui-

332 1236 397 1271 bus
414 1237 579 1280 quaedam
604 1235 704 1281 supra
721 1245 863 1269 caeteras
892 1232 1040 1268 ecclesias
1067 1233 1323 1277 praerogativae
1349 1234 1425 1268 sunt
1444 1234 1634 1272 attributae.
1686 1240 1738 1275 Sic
1762 1239 1854 1285 apud
1880 1252 1944 1276 nos

334 1284 570 1332 Lugdunenfis
587 1285 718 1321 Galliae
732 1284 861 1331 primas
883 1282 1006 1318 dicitur
1023 1291 1054 1317 et
1071 1281 1136 1318 hoc
1151 1280 1283 1316 honore
1299 1294 1388 1318 nunc
1405 1282 1545 1319 fruitur.
1600 1286 1601 1289 ’
1878 1305 1882 1307 -

1056 1430 1083 1472 §.
1138 1430 1217 1464 III.

883 1515 940 1555 De
973 1519 1102 1555 nomine
1145 1514 1392 1564 archiepiscopi.

336 1615 472 1709 Vox
491 1636 608 1673 graeca
638 1621 870 1670 οἱςχιιπῖσκοποσ
889 1620 1036 1667 aliquem
1055 1622 1142 1655 inter
1158 1617 1336 1665 episcopos
1355 1618 1558 1664 primarium
1582 1616 1677 1654 sonat
1690 1645 1697 1659 ‚
1725 1620 1943 1664 quemadmo-

457 1678 539 1712 dum
556 1673 811 1709 archidiaconus
831 1673 984 1717 primum
1004 1669 1167 1715 fignificat
1185 1669 1426 1705 diaconorum,
1455 1679 1488 1702 et
1508 1668 1770 1703 archimandrita
1789 1672 1942 1715 primum

340 1724 609 1764 mofiachorum:
638 1733 848 1767 quapropter
864 1719 1066 1755 vocabulum
1093 1717 1182 1753 istud
1201 1717 1283 1753 olim
1301 1730 1371 1753 non
1390 1715 1522 1763 paffim,
1558 1728 1596 1751 ut
1625 1729 1713 1752 nunc
1742 1716 1814 1752 fieri
1840 1717 1941 1759 solet,

340 1776 578 1823 usurpabatur,
606 1771 660 1807 sed
678 1772 807 1806 eximiis
828 1781 958 1804 tantum
976 1781 1013 1804 ac
1029 1769 1150 1815 primis
1167 1765 1336 1813 episcopis
1363 1777 1395 1801 et
1422 1766 1558 1810 quidem
1585 1765 1747 1801 rariffime
1771 1767 1944 1802 tribueba-

339 1838 405 1862 tur.
459 1823 595 1860 Nuiiibi
611 1833 686 1856 ante
703 1832 860 1866 quartum
881 1817 1050 1853 saeculum
1069 1817 1214 1864 legitur3
1246 1817 1396 1851 occurrit
1421 1814 1519 1849 semel
1545 1815 1636 1861 apud
1663 1815 1880 1852 Athanasium
1907 1818 1943 1851 in

337 1876 501 1920 cataiogo,
521 1884 622 1918 quem
633 1870 794 1906 Meletius
813 1868 1004 1904 Alexandro
1020 1867 1182 1914 episcopo
1200 1865 1308 1907 dedit,
1336 1867 1370 1900 in
1389 1877 1458 1909 quo
1477 1863 1519 1898 fic
1537 1864 1679 1899 habetur
1708 1865 1858 1906 Joannes
1871 1867 1944 1913 jus·

332 1929 390 1972 sus
407 1924 447 1959 ab
467 1927 680 1969 imperatore,
706 1928 745 1955 ut
764 1931 831 1954 una
850 1919 931 1964 effer
946 1929 1015 1952 cum
1033 1917 1282 1963 archiepffcopo,
1317 1915 1401 1960 μεταὶ
1422 1916 1460 1947 τέ
1482 1914 1714 1960 dmm-neum.

490 1970 620 2007 Deinde
638 1968 760 2016 Epiph.
780 1966 900 2002 haeresi
923 1969 977 2005 68.
999 1977 1086 2010 quae
1104 1964 1149 2000 est
1166 1964 1448 2004 Meledanorum,
1475 1962 1718 2009 archiepiscopi
1737 1973 1861 1998 nomen
1875 1963 1942 1998 sae.

340 2026 420 2071 pius
441 2020 629 2057 Alexandro
652 2017 881 2054 Alexandrino
902 2014 1033 2050 tribuit.
1085 2015 1250 2050 AIeIetius
1273 2013 1427 2061 quidam,
1463 2013 1593 2057 inquit,
1622 2015 1659 2046 in
1678 2023 1807 2047 carcere
1831 2012 1942 2048 deten-

343 2084 396 2109 tus
423 2080 495 2107 erat
515 2096 601 2105 .....
631 2069 726 2102 Petro
753 2065 984 2101 Alexandrino
1007 2064 1252 2111 archiepiscopo
1270 2089 1355 2097 .....
1380 2061 1563 2096 videbatur
1585 2070 1693 2096 autem
1718 2069 1751 2095 et
1777 2061 1943 2097 Meterius

341 2123 573 2170 praeeminere
583 2121 676 2152 inter
694 2117 858 2161 episcopos
875 2115 1045 2163 Aegypti,
1072 2122 1111 2148 ut
1121 2114 1178 2160 qui
1192 2111 1368 2156 secundum
1382 2112 1483 2145 locum
1502 2109 1620 2145 habeat
1636 2113 1673 2144 in
1683 2108 1945 2155 archiepiscopa-

342 2181 380 2207 tu
397 2171 463 2218 poli
482 2171 622 2204 Petrum.
675 2167 714 2200 Et
731 2161 839 2198 infra:
868 2163 996 2210 quando
1017 2165 1102 2197 enim
1117 2160 1254 2195 videret
1273 2162 1390 2196 Petrus
1408 2161 1679 2205 archiepiscopus.
1730 2159 1775 2192 Et
1784 2156 1860 2202 post
1869 2157 1943 2196 alia,

337 2223 438 2268 pauci
453 2219 497 2254 ad
515 2219 647 2253 Petrum
663 2215 883 2250 diverterunt
903 2213 1185 2258 archiepiscopum.
1235 2209 1277 2243 Et
1297 2206 1417 2243 haeres:
1440 2212 1497 2252 69.
1517 2215 1673 2255 quotquot
1689 2208 1776 2242 enirn
1794 2209 1830 2242 in
1847 2208 1942 2242 eccle-

334 2271 382 2318 lia
396 2267 634 2306 Alexandrina
651 2264 827 2300 catholicae
844 2261 988 2308 ecclefiae
996 2262 1096 2306 sunt,
1114 2257 1178 2304 sub
1195 2270 1257 2294 uno
1272 2259 1512 2305 archiepiscopo
1523 2258 1618 2302 sunt.
1670 2257 1714 2292 Et
1731 2253 1944 2340 infisst'iulsm‘
