2023 2760
442 192 941 229 DISSERTATIONES
986 195 1356 232 HISTORICAE.
1619 198 1665 239 67

90 278 358 327 Alexandrinum
376 281 566 327 praesulem
585 284 812 329 pertinentes:
841 281 895 317 sed
914 295 980 329 pro
1000 296 1096 319 more
1113 295 1243 325 eorum,
1263 285 1320 330 qui
1334 296 1499 320 novarum
1520 282 1596 319 sunt
1616 282 1713 319 sesta-

89 342 169 365 rum
186 328 358 369 austores‚
387 331 517 378 ubique
534 331 692 368 faeiionis
711 332 789 367 suae
817 331 993 379 episcopos
1021 333 1184 368 ordinare
1215 332 1362 370 tentasse.
1422 335 1580 380 Denique
1617 333 1713 378 quod

89 382 240 415 Socrates
264 382 310 416 ait
333 382 530 418 ordinatum
561 381 624 417 eise
651 382 848 428 episcopum
876 383 1157 428 Hermopoleos,
1187 383 1220 417 id
1249 383 1334 418 nihil
1368 383 1447 419 facit
1480 385 1521 419 nd
1551 382 1712 432 proposi.

89 440 182 470 tum,
213 442 291 465 cum
313 432 543 479 Hermopolis
570 431 609 468 fit
629 434 776 480 AEgypti
806 430 888 466 urbs
908 458 916 473 ‚
953 433 1048 480 cuius
1076 431 1212 479 praesul
1247 434 1497 469 Alexandrinus
1535 445 1712 480 metropo-

89 478 212 515 litanus
239 492 319 517 erat,

239 533 371 565 Verum
391 542 503 566 tamen
522 533 641 578 negari
659 544 727 567 non
748 529 875 577 potest,
903 532 986 576 quin
1005 530 1081 577 post
1104 543 1233 565 annum
1252 543 1335 574 400.
1358 531 1545 566 nonnullos
1573 534 1606 567 in
1626 536 1712 568 Pes.

54 592 59 597 ·
88 578 199 625 tapoli
218 579 398 627 episcopos
417 581 584 616 ordinarit
601 581 849 617 Alexandrinus
868 580 1022 626 praesul,
1052 592 1090 615 ut
1110 580 1236 615 constat
1256 593 1295 614 ex
1315 580 1426 615 relatis
1443 595 1460 615 a
1479 584 1636 617 Launoio
1654 586 1711 630 ὃγ-

89 628 188 666 nesii,
216 628 337 665 lfidori
357 640 389 665 et
406 628 545 665 Moschi
565 631 776 667 testimoniis.
829 630 893 665 Sed
911 629 999 665 istud
1013 631 1067 677 jus
1087 631 1398 676 temporeNicaeni
1417 631 1552 666 concilii
1570 631 1711 667 Alexan·

88 677 189 713 drino
207 678 370 726 episcopo
391 680 600 726 competiilse
617 694 684 716 non
704 679 888 727 probatur,
916 692 977 715 nec
1002 693 1041 714 ex
1063 680 1200 715 concilii
1226 680 1412 715 canonibus
1439 680 1557 726 colligi
1588 680 1709 728 potest.

87 727 222 763 Deinde
240 728 366 764 etiamsi
384 730 437 777 jus
451 729 538 764 istud
558 741 639 766 tunc
658 732 825 777 temporis
852 729 1032 776 episcopus
1053 730 1301 765 Alexandrinus
1321 730 1502 770 habuisset,
1530 731 1607 765 inde
1629 743 1710 766 con-

88 777 180 812 cludi
206 790 273 814 non
293 779 416 825 potest,
437 779 477 814 de
503 780 564 816 illo
599 793 732 816 tantum
759 781 816 816 hic
842 780 1025 816 concilium
1056 780 1180 825 loqui3
1208 793 1277 816 non
1303 792 1417 816 autem
1446 780 1576 828 dejure
1601 782 1710 828 patri-

58 853 64 863 .
88 827 232 864 archico.

235 880 408 914 Praeterea
428 879 563 924 quidvis
586 879 722 915 tandem
742 879 904 916 moliatur
923 881 1118 918 Lauricius,
1147 880 1258 915 dicere
1274 880 1417 915 minime
1431 877 1551 927 potest,
1572 879 1611 914 de
1635 880 1710 926 iure

88 928 344 974 metropolitico
364 929 418 964 hic
435 940 568 965 tantum
586 931 652 976 agi.
708 932 801 965 Licet
817 932 908 965 enim
926 930 979 976 jus
1006 930 1191 965 ordinandi
1217 929 1398 976 episcopos
1425 933 1459 965 in
1486 929 1541 965 sua
1565 933 1712 976 provin.

87 977 137 1012 cia
153 976 194 1012 fit
211 978 522 1024 metropoliticum,
551 980 603 1026 jus
623 992 734 1014 tamen
754 980 939 1014 ordinandi
955 979 1137 1026 episcopos
1156 981 1191 1013 in
1209 980 1315 1014 aliena
1331 981 1509 1026 provincia
1526 979 1710 1025 plusquam

87 1027 383 1073 metropoliticum
402 1027 464 1067 est,
492 1030 564 1062 imo
580 1028 761 1073 plusquam
781 1029 1056 1073 patriarchicum.
1111 1031 1225 1069 Quare
1241 1041 1318 1064 cum
1344 1029 1434 1063 ultro
1458 1027 1602 1063 fateatur
1620 1033 1709 1064 Lau.

90 1076 192 1109 noius
210 1077 266 1110 hic
283 1077 337 1121 agi
355 1076 394 1110 de
412 1075 473 1111 isto
489 1077 582 1123 jure,
611 1075 708 1111 fateri
733 1089 869 1120 quoque
887 1076 982 1109 debet
1001 1088 1163 1110 canonem
1183 1089 1250 1110 non
1273 1077 1313 1110 de
1331 1077 1473 1123 simplici
1488 1078 1561 1123 jure
1577 1089 1707 1113 metro.

88 1124 233 1171 politico
250 1125 510 1171 intelIigendum
530 1123 610 1159 esse:
637 1135 674 1160 ut
690 1126 780 1160 enim
798 1124 905 1159 verbo
922 1126 1042 1166 dicam,
1060 1125 1347 1171 metropolitanus
1364 1128 1392 1161 is
1411 1127 1546 1164 dicitur,
1566 1128 1626 1171 qui
1646 1128 1708 1162 uni

88 1175 288 1221 provinciae
303 1174 448 1219 praeest,
475 1175 668 1219 patriarcha
687 1187 769 1208 vero
790 1176 850 1217 qui
869 1175 933 1208 toti
957 1174 1114 1208 dioecefi:
1143 1173 1200 1209 scd
1219 1176 1278 1219 qui
1298 1178 1331 1210 in
1357 1187 1426 1211 tota
1453 1176 1591 1212 dioecesi
1622 1176 1707 1223 epis-

87 1235 196 1268 copos
215 1223 369 1262 ordinat,
397 1234 466 1256 non
499 1222 604 1256 modo
623 1223 823 1266 provinciae
842 1246 850 1260 ,
886 1221 942 1254 sed
971 1222 1193 1267 toti-dioecesi
1215 1224 1358 1267 praeest:
1401 1236 1485 1268 ergo
1518 1226 1710 1271 patriarcha

36 1298 46 1308 s
87 1271 213 1308 merito
240 1271 373 1306 dicitur.
425 1274 542 1315 ltaque
569 1269 717 1304 multum
744 1281 863 1303 vereor
880 1294 888 1309 ‚
925 1280 966 1302 ne
992 1269 1072 1303 haec
1103 1280 1172 1304 tam
1199 1271 1283 1304 acris
1318 1271 1517 1316 disceptatio
1553 1285 1646 1308 mera
1669 1273 1709 1309 fit

87 1323 288 1369 λογομαχίοι.
342 1320 554 1355 Patriarchae
573 1332 698 1355 nomen
718 1330 798 1353 tunc
816 1319 851 1352 in
870 1316 933 1352 usu
953 1330 1020 1353 uon
1039 1315 1136 1353 fuisse
1153 1317 1303 1354 fatentur
1321 1332 1449 1356 omnes.
1500 1321 1712 1368 Metropoli-

89 1373 159 1409 tani
185 1384 310 1406 nomen
328 1382 395 1417 pro
420 1371 536 1416 primo
556 1371 657 1404 unius
683 1380 815 1404 tantum
843 1369 1042 1414 provinciae
1068 1367 1248 1414 episcopo,
1277 1372 1336 1414 qui
1364 1370 1435 1417 ejus
1462 1381 1576 1405 curam
1603 1372 1712 1417 gerit,

89 1432 266 1467 acceptum
286 1432 365 1455 tunc
382 1421 547 1466 temporis
565 1431 659 1454 certo
677 1419 796 1453 certius
830 1417 885 1453 est.
940 1420 1034 1453 Dum
1066 1431 1149 1464 ergo
1176 1419 1360 1454 concilium
1392 1420 1605 1461 Nicaenum,
1635 1422 1712 1466 qui.

88 1471 231 1506 busdam
252 1470 501 1516 metropolibus
520 1471 553 1504 in
573 1470 651 1504 alias
669 1467 877 1513 metropoles
899 1478 930 1502 et
946 1469 1141 1514 provincias
1160 1468 1235 1515 jura
1254 1469 1428 1511 concedit,
1457 1469 1532 1517 jura
1550 1469 1609 1504 ista
1628 1483 1713 1516 pro-

40 1538 43 1542 r
87 1522 163 1568 prie
182 1534 251 1556 non
270 1519 347 1556 sunt
366 1520 638 1566 metropolitica,
664 1517 687 1552 {i
705 1529 816 1552 tamen
834 1518 957 1562 aliquis
976 1531 1011 1552 ea
1030 1519 1283 1564 metropolitica
1300 1519 1470 1566 appellare
1488 1520 1710 1564 pertinaciter

90 1570 191 1609 velit,
218 1583 286 1605 non
303 1570 448 1605 multum
465 1568 669 1615 repugnabo
681 1593 689 1608 ‚
717 1566 825 1601 modo
844 1566 989 1602 fatentur
1008 1568 1087 1603 haec
1105 1569 1221 1604 eadem
1237 1568 1305 1605 dici
1327 1571 1428 1606 etiam
1457 1567 1552 1616 poffe
1568 1569 1714 1616 patriar-

89 1620 201 1662 chica,
232 1621 390 1665 quamvis
406 1631 531 1653 nomen
553 1617 764 1664 patriarchae
782 1616 936 1651 nondum
955 1615 1032 1652 effer
1059 1620 1094 1652 in
1115 1617 1188 1654 usu.

143 1667 146 1670 ’
243 1669 396 1704 Alterum
416 1669 591 1715 opinionis
611 1667 757 1702 Launoii
775 1677 877 1711 caput
895 1665 958 1706 est,
986 1671 1280 1713 comparationem
1302 1670 1392 1704 inter
1417 1667 1585 1704 ecclesiam
1611 1667 1710 1704 Alexa

93 1718 270 1754 andrinam
291 1730 323 1752 et
340 1721 528 1753 Romanam
546 1717 659 1762 quoad
678 1717 730 1764 jus
750 1715 976 1750 ordinationis
999 1715 1138 1752 institui.
1193 1721 1293 1753 Hanc
1317 1731 1355 1754 ex
1382 1716 1529 1764 ipsomet
1551 1720 1709 1754 Launoio

95 1767 304 1808 refellimus,
333 1780 410 1802 nam
431 1767 453 1801 fi
472 1770 647 1802 Romanus
666 1765 865 1812 episcopm,
892 1776 929 1800 ut
949 1764 1021 1812 ipse
1038 1767 1232 1807 contendit,
1267 1767 1445 1803 ordinabat
1469 1779 1599 1803 tantum
1627 1767 1713 1814 epis-

95 1830 204 1864 copos
219 1817 254 1852 in
273 1818 461 1863 provinciis
482 1817 667 1862 metropoli
686 1815 761 1850 suae
780 1814 953 1862 subjeffis,
988 1828 1058 1850 non
1083 1828 1195 1851 autem
1221 1819 1255 1851 in
1282 1818 1488 1864 provinciiS,
1531 1830 1616 1862 quae
1639 1818 1712 1853 aliis

95 1867 375 1914 metropolitanis
393 1866 676 1914 subjiciebantur,
706 1865 891 1910 quidhoc,
918 1864 1059 1909 quaeso,
1095 1866 1137 1900 ad
1160 1865 1378 1902 Alexandrini
1412 1865 1574 1913 praesulis
1598 1867 1632 1901 in
1656 1868 1713 1903 Li-

96 1917 201 1965 Byam
222 1929 254 1952 et
273 1917 484 1963 Pentapolim
501 1915 575 1964 jura
594 1914 826 1951 confirmanda
843 1912 1011 1949 faciebat?
1037 1914 1146 1950 Nulla
1163 1915 1489 1962 quippe-difficultas
1512 1927 1597 1958 erat,
1628 1919 1712 1962 quin

96 1967 272 2002 ordinatio
299 1966 540 2012 episcoporum
561 1966 709 2014 AEgypti
727 1965 769 1999 ad
790 1963 901 2010 ipsum
922 1965 1129 2011 pertineret,
1157 1964 1209 1999 vel
1226 1964 1250 2001 fi
1269 1978 1337 2010 qua
1356 1977 1443 2007 erat,
1481 1967 1561 2002 haec
1587 1979 1714 2002 canone

98 2028 133 2057 4.
154 2016 222 2063 jam
243 2015 371 2051 sublata
388 2015 515 2056 fuerat,
543 2029 612 2061 quo
630 2014 974 2061 metropolitanorum
1002 2015 1036 2049 in
1056 2015 1332 2050 ordinationibus
1358 2015 1412 2063 jus
1437 2015 1714 2053 confirmabatur.

45 2091 55 2099 .
96 2067 160 2103 sed
179 2065 407 2111 quaestionem
425 2066 510 2100 hanc
526 2063 621 2102 fuisse
637 2065 712 2100 vult
728 2066 910 2104 Launoius‚
933 2077 1015 2099 num
1035 2066 1070 2099 in
1096 2065 1290 2110 Pentapoli,
1316 2076 1347 2099 et
1370 2063 1493 2113 Libya,
1520 2065 1555 2100 id
1575 2064 1620 2100 est
1639 2065 1714 2100 aliis

97 2117 286 2164 provinciis
304 2115 528 2151 ordinationis
551 2116 605 2164 jus
621 2116 761 2151 haberet
776 2113 1047 2150 Alexandrinus:
1074 2115 1139 2150 hoc
1162 2125 1275 2149 autem
1295 2116 1439 2150 Romani
1468 2114 1641 2162 pontificis
1660 2128 1716 2150 ex-

99 2165 217 2212 emplo
234 2178 302 2200 non
319 2163 560 2207 confirmatur,
590 2164 647 2200 sed
664 2165 782 2213 potius
802 2163 1008 2199 infirmatur.
1061 2167 1155 2200 Nam
1182 2164 1205 2200 fi
1233 2165 1412 2211 episcopus
1437 2166 1612 2201 Romanus
1645 2176 1717 2201 non

100 2214 183 2251 nubi
201 2215 338 2251 ordinat
356 2228 458 2260 quam
477 2216 511 2250 in
537 2215 725 2264 provinciis
751 2213 991 2250 suburbicariis
1009 2239 1018 2251 ‚
1051 2226 1197 2259 quarum
1223 2213 1281 2248 ille
1308 2213 1398 2249 solus
1431 2215 1717 2262 metropolitanus

105 2262 170 2314 est·
193 2277 254 2303 cur
271 2264 521 2303 Alexandrinus
550 2264 727 2306 ordinabit
750 2265 787 2301 in
811 2264 885 2301 aliis
908 2266 1116 2312 provinciis,
1151 2276 1300 2313 quarum
1332 2264 1719 2350 metropolitanusstrgon

928 2316 948 2352 Ι
975 2326 994 2348 2
1600 2326 1618 2348 e
