<?xml version="1.0" encoding="UTF-8"?>
<!DOCTYPE html PUBLIC "-//W3C//DTD XHTML 1.0 Transitional//EN"
    "http://www.w3.org/TR/xhtml1/DTD/xhtml1-transitional.dtd">
<html xmlns="http://www.w3.org/1999/xhtml" xml:lang="en" lang="en">
 <head>
  <title>
</title>
<meta http-equiv="Content-Type" content="text/html;charset=utf-8" />
  <meta name='ocr-system' content='tesseract 3.04.00' />
  <meta name='ocr-capabilities' content='ocr_page ocr_carea ocr_par ocr_line ocrx_word'/>
</head>
<body>
  <div class='ocr_page' id='page_1' title='image "./deantiquaecclesi00dupiuoft_0360.png"; bbox 0 0 1961 2718; ppageno 0'>
   <div class='ocr_carea' id='block_1_1' title="bbox 230 166 1567 229">
    <p class='ocr_par' dir='ltr' id='par_1_1' title="bbox 230 166 1567 229">
     <span class='ocr_line' id='line_1_1' title="bbox 230 166 1567 229; baseline -0.001 -17"><span class='ocrx_word' id='word_1_1' title='bbox 230 226 234 229; x_wconf 13' lang='grc' dir='ltr'><strong>Ἴ</strong></span> <span class='ocrx_word' id='word_1_2' title='bbox 278 184 352 223; x_wconf 66' lang='lat'>334</span> <span class='ocrx_word' id='word_1_3' title='bbox 554 169 928 213; x_wconf 77' lang='lat' dir='ltr'><strong>DEANTIQVA</strong></span> <span class='ocrx_word' id='word_1_4' title='bbox 951 166 1234 203; x_wconf 83' lang='lat' dir='ltr'>ECCLESIAE</span> <span class='ocrx_word' id='word_1_5' title='bbox 1258 169 1567 209; x_wconf 72' lang='lat' dir='ltr'>mscrmNA</span> 
     </span>
    </p>
   </div>
   <div class='ocr_carea' id='block_1_2' title="bbox 224 253 1894 1699">
    <p class='ocr_par' dir='ltr' id='par_1_2' title="bbox 224 253 1894 1699">
     <span class='ocr_line' id='line_1_2' title="bbox 224 253 1849 314; baseline -0.014 -9"><span class='ocrx_word' id='word_1_6' title='bbox 224 265 445 314; x_wconf 75' lang='lat' dir='ltr'>Respondeo,</span> <span class='ocrx_word' id='word_1_7' title='bbox 463 264 552 299; x_wconf 84' lang='lat' dir='ltr'>inter</span> <span class='ocrx_word' id='word_1_8' title='bbox 579 276 626 301; x_wconf 86' lang='lat' dir='ltr'>ea,</span> <span class='ocrx_word' id='word_1_9' title='bbox 645 274 730 307; x_wconf 88' lang='lat' dir='ltr'>quae</span> <span class='ocrx_word' id='word_1_10' title='bbox 747 257 942 308; x_wconf 64' lang='lat' dir='ltr'>spessabant</span> <span class='ocrx_word' id='word_1_11' title='bbox 959 258 1121 293; x_wconf 88' lang='lat' dir='ltr'>unionem</span> <span class='ocrx_word' id='word_1_12' title='bbox 1132 266 1164 291; x_wconf 86' lang='lat' dir='ltr'>et</span> <span class='ocrx_word' id='word_1_13' title='bbox 1173 253 1472 301; x_wconf 84' lang='lat' dir='ltr'>reformationem,</span> <span class='ocrx_word' id='word_1_14' title='bbox 1499 259 1745 301; x_wconf 63' lang='lat' dir='ltr'>effenonnuna,</span> <span class='ocrx_word' id='word_1_15' title='bbox 1764 273 1849 306; x_wconf 46' lang='grc' dir='ltr'>φης</span> 
     </span>
     <span class='ocr_line' id='line_1_3' title="bbox 230 306 1845 360; baseline -0.006 -6"><span class='ocrx_word' id='word_1_16' title='bbox 230 331 303 354; x_wconf 86' lang='lat' dir='ltr'>non</span> <span class='ocrx_word' id='word_1_17' title='bbox 318 317 431 352; x_wconf 86' lang='lat' dir='ltr'>solum</span> <span class='ocrx_word' id='word_1_18' title='bbox 447 315 489 350; x_wconf 87' lang='lat' dir='ltr'>ad</span> <span class='ocrx_word' id='word_1_19' title='bbox 506 312 732 360; x_wconf 77' lang='lat' dir='ltr'>disciplinam,</span> <span class='ocrx_word' id='word_1_20' title='bbox 763 310 815 347; x_wconf 85' lang='lat' dir='ltr'>sed</span> <span class='ocrx_word' id='word_1_21' title='bbox 832 310 933 344; x_wconf 85' lang='lat' dir='ltr'>etiam</span> <span class='ocrx_word' id='word_1_22' title='bbox 951 308 993 343; x_wconf 86' lang='lat' dir='ltr'>ad</span> <span class='ocrx_word' id='word_1_23' title='bbox 1013 306 1114 342; x_wconf 86' lang='lat' dir='ltr'>fidem</span> <span class='ocrx_word' id='word_1_24' title='bbox 1132 308 1322 353; x_wconf 80' lang='lat' dir='ltr'>pertinent3</span> <span class='ocrx_word' id='word_1_25' title='bbox 1349 308 1448 345; x_wconf 83' lang='lat' dir='ltr'>talen-1</span> <span class='ocrx_word' id='word_1_26' title='bbox 1465 323 1575 346; x_wconf 82' lang='lat' dir='ltr'>autern</span> <span class='ocrx_word' id='word_1_27' title='bbox 1603 311 1667 346; x_wconf 80' lang='lat' dir='ltr'>effe</span> <span class='ocrx_word' id='word_1_28' title='bbox 1684 311 1768 346; x_wconf 86' lang='lat' dir='ltr'>hanc</span> <span class='ocrx_word' id='word_1_29' title='bbox 1787 311 1845 346; x_wconf 92' lang='lat' dir='ltr'>de-</span> 
     </span>
     <span class='ocr_line' id='line_1_4' title="bbox 228 357 1850 412; baseline -0.01 -8"><span class='ocrx_word' id='word_1_30' title='bbox 228 368 445 406; x_wconf 81' lang='lat' dir='ltr'>finitionem,</span> <span class='ocrx_word' id='word_1_31' title='bbox 472 363 561 412; x_wconf 85' lang='lat' dir='ltr'>quod</span> <span class='ocrx_word' id='word_1_32' title='bbox 577 364 746 398; x_wconf 84' lang='lat' dir='ltr'>concilium</span> <span class='ocrx_word' id='word_1_33' title='bbox 761 360 926 410; x_wconf 80' lang='lat' dir='ltr'>generale</span> <span class='ocrx_word' id='word_1_34' title='bbox 944 358 1133 403; x_wconf 79' lang='lat' dir='ltr'>universam</span> <span class='ocrx_word' id='word_1_35' title='bbox 1159 357 1314 402; x_wconf 77' lang='lat' dir='ltr'>ecclefiam</span> <span class='ocrx_word' id='word_1_36' title='bbox 1339 361 1618 405; x_wconf 80' lang='lat' dir='ltr'>repraesentans,</span> <span class='ocrx_word' id='word_1_37' title='bbox 1656 370 1716 396; x_wconf 77' lang='lat' dir='ltr'>etc.</span> <span class='ocrx_word' id='word_1_38' title='bbox 1772 363 1850 396; x_wconf 81' lang='lat' dir='ltr'>Ma.</span> 
     </span>
     <span class='ocr_line' id='line_1_5' title="bbox 231 407 1853 462; baseline -0.012 -2"><span class='ocrx_word' id='word_1_39' title='bbox 231 418 350 455; x_wconf 73' lang='lat' dir='ltr'>nifeste</span> <span class='ocrx_word' id='word_1_40' title='bbox 367 425 457 462; x_wconf 88' lang='lat' dir='ltr'>patet</span> <span class='ocrx_word' id='word_1_41' title='bbox 474 427 512 448; x_wconf 80' lang='lat' dir='ltr'>ex</span> <span class='ocrx_word' id='word_1_42' title='bbox 530 426 580 451; x_wconf 73' lang='lat' dir='ltr'>eo,</span> <span class='ocrx_word' id='word_1_43' title='bbox 600 411 696 458; x_wconf 87' lang='lat' dir='ltr'>quod</span> <span class='ocrx_word' id='word_1_44' title='bbox 713 412 817 446; x_wconf 83' lang='lat' dir='ltr'>hocce</span> <span class='ocrx_word' id='word_1_45' title='bbox 835 409 970 444; x_wconf 86' lang='lat' dir='ltr'>decreto</span> <span class='ocrx_word' id='word_1_46' title='bbox 991 420 1059 443; x_wconf 86' lang='lat' dir='ltr'>non</span> <span class='ocrx_word' id='word_1_47' title='bbox 1076 417 1205 442; x_wconf 82' lang='lat' dir='ltr'>tantum</span> <span class='ocrx_word' id='word_1_48' title='bbox 1217 407 1257 441; x_wconf 87' lang='lat' dir='ltr'>de</span> <span class='ocrx_word' id='word_1_49' title='bbox 1272 410 1410 453; x_wconf 80' lang='lat' dir='ltr'>negotio</span> <span class='ocrx_word' id='word_1_50' title='bbox 1426 409 1541 456; x_wconf 88' lang='lat' dir='ltr'>aliquo</span> <span class='ocrx_word' id='word_1_51' title='bbox 1558 409 1768 456; x_wconf 76' lang='lat' dir='ltr'>disponitur,</span> <span class='ocrx_word' id='word_1_52' title='bbox 1796 421 1853 445; x_wconf 88' lang='lat' dir='ltr'>aut</span> 
     </span>
     <span class='ocr_line' id='line_1_6' title="bbox 227 457 1849 513; baseline -0.01 -9"><span class='ocrx_word' id='word_1_53' title='bbox 227 469 273 506; x_wconf 73' lang='lat' dir='ltr'>ad</span> <span class='ocrx_word' id='word_1_54' title='bbox 291 478 422 513; x_wconf 84' lang='lat' dir='ltr'>tempus</span> <span class='ocrx_word' id='word_1_55' title='bbox 437 463 579 509; x_wconf 75' lang='lat' dir='ltr'><strong>aliquod</strong></span> <span class='ocrx_word' id='word_1_56' title='bbox 595 472 752 500; x_wconf 80' lang='lat' dir='ltr'>cavetur,</span> <span class='ocrx_word' id='word_1_57' title='bbox 778 458 834 495; x_wconf 88' lang='lat' dir='ltr'>sed</span> <span class='ocrx_word' id='word_1_58' title='bbox 853 459 978 505; x_wconf 83' lang='lat' dir='ltr'>dogma</span> <span class='ocrx_word' id='word_1_59' title='bbox 998 457 1158 493; x_wconf 81' lang='lat' dir='ltr'>conditur</span> <span class='ocrx_word' id='word_1_60' title='bbox 1179 468 1282 501; x_wconf 89' lang='lat' dir='ltr'>atque</span> <span class='ocrx_word' id='word_1_61' title='bbox 1308 457 1518 499; x_wconf 82' lang='lat' dir='ltr'>decernitur,</span> <span class='ocrx_word' id='word_1_62' title='bbox 1555 459 1650 503; x_wconf 88' lang='lat' dir='ltr'>quod</span> <span class='ocrx_word' id='word_1_63' title='bbox 1681 470 1849 506; x_wconf 76' lang='lat' dir='ltr'>perpetuo</span> 
     </span>
     <span class='ocr_line' id='line_1_7' title="bbox 232 505 1894 558; baseline -0.018 -4"><span class='ocrx_word' id='word_1_64' title='bbox 232 519 324 555; x_wconf 86' lang='lat' dir='ltr'>idem</span> <span class='ocrx_word' id='word_1_65' title='bbox 341 516 404 553; x_wconf 88' lang='lat' dir='ltr'>est,</span> <span class='ocrx_word' id='word_1_66' title='bbox 432 525 493 549; x_wconf 89' lang='lat' dir='ltr'>nec</span> <span class='ocrx_word' id='word_1_67' title='bbox 511 513 637 548; x_wconf 81' lang='lat' dir='ltr'>mutari</span> <span class='ocrx_word' id='word_1_68' title='bbox 654 510 773 558; x_wconf 82' lang='lat' dir='ltr'>potest.</span> <span class='ocrx_word' id='word_1_69' title='bbox 827 509 968 555; x_wconf 81' lang='lat' dir='ltr'><strong>Quippe</strong></span> <span class='ocrx_word' id='word_1_70' title='bbox 998 507 1074 543; x_wconf 87' lang='lat' dir='ltr'>licet</span> <span class='ocrx_word' id='word_1_71' title='bbox 1098 518 1153 542; x_wconf 86' lang='lat' dir='ltr'>res</span> <span class='ocrx_word' id='word_1_72' title='bbox 1180 505 1375 552; x_wconf 86' lang='lat' dir='ltr'>disciplinae</span> <span class='ocrx_word' id='word_1_73' title='bbox 1407 519 1437 543; x_wconf 90' lang='lat' dir='ltr'>et</span> <span class='ocrx_word' id='word_1_74' title='bbox 1469 509 1687 544; x_wconf 86' lang='lat' dir='ltr'>oeconomiae</span> <span class='ocrx_word' id='word_1_75' title='bbox 1724 509 1850 544; x_wconf 83' lang='lat' dir='ltr'>variari</span> <span class='ocrx_word' id='word_1_76' title='bbox 1891 522 1894 524; x_wconf 90' lang='lat'>.</span> 
     </span>
     <span class='ocr_line' id='line_1_8' title="bbox 231 557 1848 616; baseline -0.009 -12"><span class='ocrx_word' id='word_1_77' title='bbox 231 565 378 616; x_wconf 78' lang='lat' dir='ltr'>possint3</span> <span class='ocrx_word' id='word_1_78' title='bbox 405 563 500 609; x_wconf 87' lang='lat' dir='ltr'>quod</span> <span class='ocrx_word' id='word_1_79' title='bbox 517 574 628 598; x_wconf 85' lang='lat' dir='ltr'>tamen</span> <span class='ocrx_word' id='word_1_80' title='bbox 647 562 734 596; x_wconf 85' lang='lat' dir='ltr'>circa</span> <span class='ocrx_word' id='word_1_81' title='bbox 756 560 836 594; x_wconf 75' lang='lat' dir='ltr'>haec</span> <span class='ocrx_word' id='word_1_82' title='bbox 858 557 904 594; x_wconf 87' lang='lat' dir='ltr'>est</span> <span class='ocrx_word' id='word_1_83' title='bbox 927 557 1114 604; x_wconf 82' lang='lat' dir='ltr'>dogmatis,</span> <span class='ocrx_word' id='word_1_84' title='bbox 1142 559 1368 593; x_wconf 85' lang='lat' dir='ltr'>mutationem</span> <span class='ocrx_word' id='word_1_85' title='bbox 1393 571 1464 593; x_wconf 88' lang='lat' dir='ltr'>non</span> <span class='ocrx_word' id='word_1_86' title='bbox 1483 557 1591 594; x_wconf 87' lang='lat' dir='ltr'>habet.</span> <span class='ocrx_word' id='word_1_87' title='bbox 1644 559 1696 594; x_wconf 87' lang='lat' dir='ltr'>Sic</span> <span class='ocrx_word' id='word_1_88' title='bbox 1713 584 1721 599; x_wconf 90' lang='lat'>,</span> <span class='ocrx_word' id='word_1_89' title='bbox 1750 557 1848 594; x_wconf 83' lang='lat' dir='ltr'>verbi</span> 
     </span>
     <span class='ocr_line' id='line_1_9' title="bbox 231 606 1850 666; baseline -0.009 -12"><span class='ocrx_word' id='word_1_90' title='bbox 231 618 361 666; x_wconf 82' lang='lat' dir='ltr'>gratia,</span> <span class='ocrx_word' id='word_1_91' title='bbox 387 613 487 650; x_wconf 91' lang='lat' dir='ltr'>usum</span> <span class='ocrx_word' id='word_1_92' title='bbox 505 613 613 648; x_wconf 87' lang='lat' dir='ltr'>calicis</span> <span class='ocrx_word' id='word_1_93' title='bbox 633 611 724 646; x_wconf 85' lang='lat' dir='ltr'>laicis</span> <span class='ocrx_word' id='word_1_94' title='bbox 742 609 926 645; x_wconf 87' lang='lat' dir='ltr'>concedere</span> <span class='ocrx_word' id='word_1_95' title='bbox 943 607 999 642; x_wconf 80' lang='lat' dir='ltr'>vel</span> <span class='ocrx_word' id='word_1_96' title='bbox 1023 606 1238 645; x_wconf 82' lang='lat' dir='ltr'>interdicere,</span> <span class='ocrx_word' id='word_1_97' title='bbox 1265 619 1319 643; x_wconf 85' lang='lat' dir='ltr'>res</span> <span class='ocrx_word' id='word_1_98' title='bbox 1343 606 1386 642; x_wconf 79' lang='lat' dir='ltr'>est</span> <span class='ocrx_word' id='word_1_99' title='bbox 1404 607 1621 653; x_wconf 87' lang='lat' dir='ltr'>disciplinae,</span> <span class='ocrx_word' id='word_1_100' title='bbox 1648 619 1681 644; x_wconf 82' lang='lat' dir='ltr'>at</span> <span class='ocrx_word' id='word_1_101' title='bbox 1707 608 1850 653; x_wconf 87' lang='lat' dir='ltr'>dogma-</span> 
     </span>
     <span class='ocr_line' id='line_1_10' title="bbox 233 654 1849 704; baseline -0.009 -1"><span class='ocrx_word' id='word_1_102' title='bbox 233 671 277 704; x_wconf 84' lang='lat' dir='ltr'>tis</span> <span class='ocrx_word' id='word_1_103' title='bbox 296 666 340 702; x_wconf 87' lang='lat' dir='ltr'>est</span> <span class='ocrx_word' id='word_1_104' title='bbox 358 677 427 700; x_wconf 89' lang='lat' dir='ltr'>non</span> <span class='ocrx_word' id='word_1_105' title='bbox 445 662 506 698; x_wconf 78' lang='lat' dir='ltr'>effe</span> <span class='ocrx_word' id='word_1_106' title='bbox 524 663 565 697; x_wconf 91' lang='lat' dir='ltr'>de</span> <span class='ocrx_word' id='word_1_107' title='bbox 582 659 768 696; x_wconf 85' lang='lat' dir='ltr'>neceffitate</span> <span class='ocrx_word' id='word_1_108' title='bbox 786 658 901 694; x_wconf 84' lang='lat' dir='ltr'>{alutis</span> <span class='ocrx_word' id='word_1_109' title='bbox 917 656 1056 692; x_wconf 85' lang='lat' dir='ltr'>calicem</span> <span class='ocrx_word' id='word_1_110' title='bbox 1082 654 1225 692; x_wconf 88' lang='lat' dir='ltr'>sumere.</span> <span class='ocrx_word' id='word_1_111' title='bbox 1279 659 1322 692; x_wconf 90' lang='lat' dir='ltr'>Et</span> <span class='ocrx_word' id='word_1_112' title='bbox 1348 657 1412 692; x_wconf 90' lang='lat' dir='ltr'>hoc</span> <span class='ocrx_word' id='word_1_113' title='bbox 1437 669 1515 692; x_wconf 91' lang='lat' dir='ltr'>cum</span> <span class='ocrx_word' id='word_1_114' title='bbox 1548 657 1666 692; x_wconf 80' lang='lat' dir='ltr'>definit</span> <span class='ocrx_word' id='word_1_115' title='bbox 1696 656 1849 704; x_wconf 81' lang='lat' dir='ltr'>synodus</span> 
     </span>
     <span class='ocr_line' id='line_1_11' title="bbox 233 704 1849 754; baseline -0.008 0"><span class='ocrx_word' id='word_1_116' title='bbox 233 712 515 754; x_wconf 69' lang='lat' dir='ltr'>Constantienfis,</span> <span class='ocrx_word' id='word_1_117' title='bbox 541 710 692 747; x_wconf 89' lang='lat' dir='ltr'>censetur</span> <span class='ocrx_word' id='word_1_118' title='bbox 712 709 754 744; x_wconf 89' lang='lat' dir='ltr'>de</span> <span class='ocrx_word' id='word_1_119' title='bbox 769 707 836 743; x_wconf 83' lang='lat' dir='ltr'>fide</span> <span class='ocrx_word' id='word_1_120' title='bbox 852 707 983 751; x_wconf 80' lang='lat' dir='ltr'>aliquid</span> <span class='ocrx_word' id='word_1_121' title='bbox 1002 704 1164 743; x_wconf 82' lang='lat' dir='ltr'>definire;</span> <span class='ocrx_word' id='word_1_122' title='bbox 1190 707 1236 741; x_wconf 82' lang='lat' dir='ltr'>ita</span> <span class='ocrx_word' id='word_1_123' title='bbox 1250 708 1377 754; x_wconf 88' lang='lat' dir='ltr'>pariter</span> <span class='ocrx_word' id='word_1_124' title='bbox 1393 719 1470 742; x_wconf 87' lang='lat' dir='ltr'>cum</span> <span class='ocrx_word' id='word_1_125' title='bbox 1489 706 1530 741; x_wconf 90' lang='lat' dir='ltr'>ad</span> <span class='ocrx_word' id='word_1_126' title='bbox 1549 707 1676 752; x_wconf 85' lang='lat' dir='ltr'>dogma</span> <span class='ocrx_word' id='word_1_127' title='bbox 1701 709 1849 754; x_wconf 89' lang='lat' dir='ltr'>pertine-</span> 
     </span>
     <span class='ocr_line' id='line_1_12' title="bbox 232 753 1849 805; baseline -0.008 -1"><span class='ocrx_word' id='word_1_128' title='bbox 232 781 268 805; x_wconf 77' lang='lat' dir='ltr'>at</span> <span class='ocrx_word' id='word_1_129' title='bbox 283 767 395 802; x_wconf 75' lang='lat' dir='ltr'>dicere</span> <span class='ocrx_word' id='word_1_130' title='bbox 417 775 451 798; x_wconf 87' lang='lat' dir='ltr'>et</span> <span class='ocrx_word' id='word_1_131' title='bbox 477 761 635 800; x_wconf 87' lang='lat' dir='ltr'>credere,</span> <span class='ocrx_word' id='word_1_132' title='bbox 663 757 989 795; x_wconf 81' lang='lat' dir='ltr'>utrum-concilium</span> <span class='ocrx_word' id='word_1_133' title='bbox 1017 753 1184 789; x_wconf 82' lang='lat' dir='ltr'>ecclefiam</span> <span class='ocrx_word' id='word_1_134' title='bbox 1216 756 1411 792; x_wconf 79' lang='lat' dir='ltr'>universam</span> <span class='ocrx_word' id='word_1_135' title='bbox 1446 755 1690 802; x_wconf 85' lang='lat' dir='ltr'>repraesentet,</span> <span class='ocrx_word' id='word_1_136' title='bbox 1727 769 1849 796; x_wconf 86' lang='lat' dir='ltr'>necne,</span> 
     </span>
     <span class='ocr_line' id='line_1_13' title="bbox 232 803 1848 858; baseline -0.012 -3"><span class='ocrx_word' id='word_1_137' title='bbox 232 829 354 854; x_wconf 76' lang='lat' dir='ltr'>mrum</span> <span class='ocrx_word' id='word_1_138' title='bbox 380 824 494 849; x_wconf 84' lang='lat' dir='ltr'>errare</span> <span class='ocrx_word' id='word_1_139' title='bbox 520 808 637 858; x_wconf 83' lang='lat' dir='ltr'>poffit,</span> <span class='ocrx_word' id='word_1_140' title='bbox 664 820 787 848; x_wconf 86' lang='lat' dir='ltr'>necne,</span> <span class='ocrx_word' id='word_1_141' title='bbox 816 817 939 842; x_wconf 72' lang='lat' dir='ltr'>vutrum</span> <span class='ocrx_word' id='word_1_142' title='bbox 967 804 1162 839; x_wconf 78' lang='lat' dir='ltr'>immediate</span> <span class='ocrx_word' id='word_1_143' title='bbox 1185 817 1205 839; x_wconf 89' lang='lat' dir='ltr'>a</span> <span class='ocrx_word' id='word_1_144' title='bbox 1229 807 1305 840; x_wconf 88' lang='lat' dir='ltr'>Deo</span> <span class='ocrx_word' id='word_1_145' title='bbox 1329 805 1448 840; x_wconf 86' lang='lat' dir='ltr'>habeat</span> <span class='ocrx_word' id='word_1_146' title='bbox 1480 803 1697 851; x_wconf 78' lang='lat' dir='ltr'>potestatem,</span> <span class='ocrx_word' id='word_1_147' title='bbox 1725 818 1848 848; x_wconf 72' lang='lat' dir='ltr'>necne3</span> 
     </span>
     <span class='ocr_line' id='line_1_14' title="bbox 233 851 1853 904; baseline -0.012 0"><span class='ocrx_word' id='word_1_148' title='bbox 233 879 353 904; x_wconf 87' lang='lat' dir='ltr'>utrum</span> <span class='ocrx_word' id='word_1_149' title='bbox 372 866 401 899; x_wconf 88' lang='lat' dir='ltr'>ei</span> <span class='ocrx_word' id='word_1_150' title='bbox 421 874 538 898; x_wconf 79' lang='lat' dir='ltr'>omues</span> <span class='ocrx_word' id='word_1_151' title='bbox 554 871 659 904; x_wconf 86' lang='lat' dir='ltr'>atque</span> <span class='ocrx_word' id='word_1_152' title='bbox 674 860 773 893; x_wconf 82' lang='lat' dir='ltr'>etiam</span> <span class='ocrx_word' id='word_1_153' title='bbox 792 854 939 891; x_wconf 88' lang='lat' dir='ltr'>Romani</span> <span class='ocrx_word' id='word_1_154' title='bbox 958 851 1139 901; x_wconf 86' lang='lat' dir='ltr'>pontifices</span> <span class='ocrx_word' id='word_1_155' title='bbox 1156 865 1277 899; x_wconf 85' lang='lat' dir='ltr'>parere</span> <span class='ocrx_word' id='word_1_156' title='bbox 1294 865 1486 894; x_wconf 83' lang='lat' dir='ltr'>teneantur,</span> <span class='ocrx_word' id='word_1_157' title='bbox 1515 866 1586 889; x_wconf 85' lang='lat' dir='ltr'>tum</span> <span class='ocrx_word' id='word_1_158' title='bbox 1613 856 1649 889; x_wconf 89' lang='lat' dir='ltr'>in</span> <span class='ocrx_word' id='word_1_159' title='bbox 1667 853 1751 894; x_wconf 82' lang='lat' dir='ltr'>fide,</span> <span class='ocrx_word' id='word_1_160' title='bbox 1779 867 1853 892; x_wconf 80' lang='lat' dir='ltr'>tum</span> 
     </span>
     <span class='ocr_line' id='line_1_15' title="bbox 233 901 1854 955; baseline -0.01 -1"><span class='ocrx_word' id='word_1_161' title='bbox 233 921 270 955; x_wconf 78' lang='lat' dir='ltr'>in</span> <span class='ocrx_word' id='word_1_162' title='bbox 288 913 533 952; x_wconf 76' lang='lat' dir='ltr'>reformatione</span> <span class='ocrx_word' id='word_1_163' title='bbox 554 907 703 944; x_wconf 80' lang='lat' dir='ltr'>ecclefiae</span> <span class='ocrx_word' id='word_1_164' title='bbox 720 908 753 942; x_wconf 78' lang='lat' dir='ltr'>in</span> <span class='ocrx_word' id='word_1_165' title='bbox 772 907 878 953; x_wconf 85' lang='lat' dir='ltr'>capite</span> <span class='ocrx_word' id='word_1_166' title='bbox 892 915 924 938; x_wconf 92' lang='lat' dir='ltr'>et</span> <span class='ocrx_word' id='word_1_167' title='bbox 940 904 975 938; x_wconf 89' lang='lat' dir='ltr'>in</span> <span class='ocrx_word' id='word_1_168' title='bbox 995 902 1169 938; x_wconf 86' lang='lat' dir='ltr'>membris.</span> <span class='ocrx_word' id='word_1_169' title='bbox 1221 906 1310 939; x_wconf 90' lang='lat' dir='ltr'>Cum</span> <span class='ocrx_word' id='word_1_170' title='bbox 1328 904 1416 939; x_wconf 76' lang='lat' dir='ltr'>haecv</span> <span class='ocrx_word' id='word_1_171' title='bbox 1429 901 1547 938; x_wconf 77' lang='lat' dir='ltr'>definit</span> <span class='ocrx_word' id='word_1_172' title='bbox 1564 903 1715 952; x_wconf 83' lang='lat' dir='ltr'>synodus</span> <span class='ocrx_word' id='word_1_173' title='bbox 1739 905 1854 950; x_wconf 81' lang='lat' dir='ltr'>aliqua</span> 
     </span>
     <span class='ocr_line' id='line_1_16' title="bbox 236 952 1854 1014; baseline -0.008 -13"><span class='ocrx_word' id='word_1_174' title='bbox 236 963 420 1014; x_wconf 82' lang='lat' dir='ltr'>generalis,</span> <span class='ocrx_word' id='word_1_175' title='bbox 448 973 515 996; x_wconf 88' lang='lat' dir='ltr'>non</span> <span class='ocrx_word' id='word_1_176' title='bbox 534 957 673 1007; x_wconf 79' lang='lat' dir='ltr'>possunt</span> <span class='ocrx_word' id='word_1_177' title='bbox 692 958 762 1004; x_wconf 68' lang='lat' dir='ltr'>ejus</span> <span class='ocrx_word' id='word_1_178' title='bbox 779 957 914 990; x_wconf 84' lang='lat' dir='ltr'>decreta</span> <span class='ocrx_word' id='word_1_179' title='bbox 933 952 976 988; x_wconf 84' lang='lat' dir='ltr'>ad</span> <span class='ocrx_word' id='word_1_180' title='bbox 994 952 1096 988; x_wconf 84' lang='lat' dir='ltr'>fidem</span> <span class='ocrx_word' id='word_1_181' title='bbox 1117 965 1186 988; x_wconf 89' lang='lat' dir='ltr'>non</span> <span class='ocrx_word' id='word_1_182' title='bbox 1203 955 1385 999; x_wconf 83' lang='lat' dir='ltr'>pertinere.</span> <span class='ocrx_word' id='word_1_183' title='bbox 1439 955 1481 988; x_wconf 88' lang='lat' dir='ltr'>Et</span> <span class='ocrx_word' id='word_1_184' title='bbox 1495 954 1790 1001; x_wconf 86' lang='lat' dir='ltr'>quemadmodum</span> <span class='ocrx_word' id='word_1_185' title='bbox 1810 954 1854 990; x_wconf 87' lang='lat' dir='ltr'>ad</span> 
     </span>
     <span class='ocr_line' id='line_1_17' title="bbox 234 1001 1855 1060; baseline -0.013 -8"><span class='ocrx_word' id='word_1_186' title='bbox 234 1017 338 1052; x_wconf 78' lang='lat' dir='ltr'>fidem</span> <span class='ocrx_word' id='word_1_187' title='bbox 356 1013 529 1060; x_wconf 84' lang='lat' dir='ltr'>pertinent</span> <span class='ocrx_word' id='word_1_188' title='bbox 544 1010 675 1044; x_wconf 83' lang='lat' dir='ltr'>decreta</span> <span class='ocrx_word' id='word_1_189' title='bbox 701 1006 839 1042; x_wconf 84' lang='lat' dir='ltr'>concilii</span> <span class='ocrx_word' id='word_1_190' title='bbox 863 1006 899 1040; x_wconf 89' lang='lat' dir='ltr'>in</span> <span class='ocrx_word' id='word_1_191' title='bbox 920 1001 1090 1040; x_wconf 80' lang='lat' dir='ltr'>Hussitas,</span> <span class='ocrx_word' id='word_1_192' title='bbox 1118 1003 1240 1047; x_wconf 83' lang='lat' dir='ltr'>quibus</span> <span class='ocrx_word' id='word_1_193' title='bbox 1267 1003 1412 1039; x_wconf 87' lang='lat' dir='ltr'>Romani</span> <span class='ocrx_word' id='word_1_194' title='bbox 1436 1002 1608 1049; x_wconf 84' lang='lat' dir='ltr'>pontificis</span> <span class='ocrx_word' id='word_1_195' title='bbox 1642 1015 1674 1038; x_wconf 91' lang='lat' dir='ltr'>et</span> <span class='ocrx_word' id='word_1_196' title='bbox 1705 1003 1855 1039; x_wconf 74' lang='lat' dir='ltr'>ecclefiae</span> 
     </span>
     <span class='ocr_line' id='line_1_18' title="bbox 229 1052 1854 1107; baseline -0.015 -5"><span class='ocrx_word' id='word_1_197' title='bbox 229 1071 406 1105; x_wconf 80' lang='lat' dir='ltr'>Romanae</span> <span class='ocrx_word' id='word_1_198' title='bbox 424 1060 528 1107; x_wconf 82' lang='lat' dir='ltr'>supra</span> <span class='ocrx_word' id='word_1_199' title='bbox 545 1059 626 1094; x_wconf 85' lang='lat' dir='ltr'>alias</span> <span class='ocrx_word' id='word_1_200' title='bbox 645 1056 880 1104; x_wconf 84' lang='lat' dir='ltr'>praerogativa</span> <span class='ocrx_word' id='word_1_201' title='bbox 897 1053 1104 1088; x_wconf 83' lang='lat' dir='ltr'>decernitur:</span> <span class='ocrx_word' id='word_1_202' title='bbox 1131 1054 1179 1088; x_wconf 88' lang='lat' dir='ltr'>ita</span> <span class='ocrx_word' id='word_1_203' title='bbox 1193 1053 1234 1087; x_wconf 86' lang='lat' dir='ltr'>ad</span> <span class='ocrx_word' id='word_1_204' title='bbox 1255 1052 1357 1088; x_wconf 78' lang='lat' dir='ltr'>fidem</span> <span class='ocrx_word' id='word_1_205' title='bbox 1375 1052 1544 1099; x_wconf 88' lang='lat' dir='ltr'>pertinere</span> <span class='ocrx_word' id='word_1_206' title='bbox 1565 1053 1687 1088; x_wconf 79' lang='lat' dir='ltr'>debent</span> <span class='ocrx_word' id='word_1_207' title='bbox 1708 1053 1854 1089; x_wconf 65' lang='lat' dir='ltr'>decreta,</span> 
     </span>
     <span class='ocr_line' id='line_1_19' title="bbox 233 1102 1854 1162; baseline -0.01 -11"><span class='ocrx_word' id='word_1_208' title='bbox 233 1128 323 1162; x_wconf 73' lang='lat' dir='ltr'>quae</span> <span class='ocrx_word' id='word_1_209' title='bbox 343 1109 518 1148; x_wconf 89' lang='lat' dir='ltr'>universae</span> <span class='ocrx_word' id='word_1_210' title='bbox 534 1107 683 1145; x_wconf 84' lang='lat' dir='ltr'>eccleliae</span> <span class='ocrx_word' id='word_1_211' title='bbox 702 1117 734 1141; x_wconf 90' lang='lat' dir='ltr'>et</span> <span class='ocrx_word' id='word_1_212' title='bbox 751 1105 890 1141; x_wconf 83' lang='lat' dir='ltr'>concilii</span> <span class='ocrx_word' id='word_1_213' title='bbox 907 1102 1070 1150; x_wconf 89' lang='lat' dir='ltr'>generalis</span> <span class='ocrx_word' id='word_1_214' title='bbox 1087 1102 1190 1149; x_wconf 75' lang='lat' dir='ltr'>supra</span> <span class='ocrx_word' id='word_1_215' title='bbox 1212 1106 1399 1138; x_wconf 77' lang='lat' dir='ltr'>Romanam</span> <span class='ocrx_word' id='word_1_216' title='bbox 1427 1102 1594 1138; x_wconf 81' lang='lat' dir='ltr'>ecclesiam</span> <span class='ocrx_word' id='word_1_217' title='bbox 1613 1104 1854 1149; x_wconf 82' lang='lat' dir='ltr'>praerogativa</span> 
     </span>
     <span class='ocr_line' id='line_1_20' title="bbox 235 1151 1855 1204; baseline -0.014 -2"><span class='ocrx_word' id='word_1_218' title='bbox 235 1165 414 1203; x_wconf 79' lang='lat' dir='ltr'>stabilitur.</span> <span class='ocrx_word' id='word_1_219' title='bbox 475 1159 579 1204; x_wconf 88' lang='lat' dir='ltr'>Quod</span> <span class='ocrx_word' id='word_1_220' title='bbox 611 1170 694 1193; x_wconf 91' lang='lat' dir='ltr'>vero</span> <span class='ocrx_word' id='word_1_221' title='bbox 719 1157 765 1191; x_wconf 84' lang='lat' dir='ltr'>ait</span> <span class='ocrx_word' id='word_1_222' title='bbox 805 1152 1040 1190; x_wconf 83' lang='lat' dir='ltr'>Schelestratus</span> <span class='ocrx_word' id='word_1_223' title='bbox 1058 1178 1066 1194; x_wconf 93' lang='lat'>‚</span> <span class='ocrx_word' id='word_1_224' title='bbox 1106 1153 1188 1188; x_wconf 85' lang='lat' dir='ltr'>haec</span> <span class='ocrx_word' id='word_1_225' title='bbox 1220 1152 1353 1189; x_wconf 87' lang='lat' dir='ltr'>decreta</span> <span class='ocrx_word' id='word_1_226' title='bbox 1385 1151 1671 1188; x_wconf 86' lang='lat' dir='ltr'>constitutionum</span> <span class='ocrx_word' id='word_1_227' title='bbox 1713 1153 1855 1188; x_wconf 73' lang='lat' dir='ltr'>nomine</span> 
     </span>
     <span class='ocr_line' id='line_1_21' title="bbox 235 1201 1855 1255; baseline -0.01 -4"><span class='ocrx_word' id='word_1_228' title='bbox 235 1218 274 1252; x_wconf 74' lang='lat' dir='ltr'>in</span> <span class='ocrx_word' id='word_1_229' title='bbox 291 1211 436 1250; x_wconf 83' lang='lat' dir='ltr'>concilio</span> <span class='ocrx_word' id='word_1_230' title='bbox 455 1210 648 1255; x_wconf 76' lang='lat' dir='ltr'>indigitat-i,</span> <span class='ocrx_word' id='word_1_231' title='bbox 675 1219 744 1242; x_wconf 88' lang='lat' dir='ltr'>non</span> <span class='ocrx_word' id='word_1_232' title='bbox 766 1204 922 1252; x_wconf 85' lang='lat' dir='ltr'>impedit,</span> <span class='ocrx_word' id='word_1_233' title='bbox 942 1204 1130 1248; x_wconf 88' lang='lat' dir='ltr'>quominus</span> <span class='ocrx_word' id='word_1_234' title='bbox 1149 1202 1188 1237; x_wconf 89' lang='lat' dir='ltr'>ad</span> <span class='ocrx_word' id='word_1_235' title='bbox 1209 1201 1312 1237; x_wconf 88' lang='lat' dir='ltr'>fidem</span> <span class='ocrx_word' id='word_1_236' title='bbox 1339 1202 1488 1248; x_wconf 63' lang='lat' dir='ltr'>spestent</span> <span class='ocrx_word' id='word_1_237' title='bbox 1504 1227 1512 1242; x_wconf 89' lang='lat'><em>,</em></span> <span class='ocrx_word' id='word_1_238' title='bbox 1539 1214 1615 1238; x_wconf 89' lang='lat' dir='ltr'>cum</span> <span class='ocrx_word' id='word_1_239' title='bbox 1641 1201 1855 1238; x_wconf 84' lang='lat' dir='ltr'>constitutio-</span> 
     </span>
     <span class='ocr_line' id='line_1_22' title="bbox 235 1251 1855 1308; baseline -0.012 -8"><span class='ocrx_word' id='word_1_240' title='bbox 235 1277 296 1300; x_wconf 86' lang='lat' dir='ltr'>nes</span> <span class='ocrx_word' id='word_1_241' title='bbox 313 1260 491 1308; x_wconf 82' lang='lat' dir='ltr'>synodales</span> <span class='ocrx_word' id='word_1_242' title='bbox 508 1260 638 1293; x_wconf 81' lang='lat' dir='ltr'>decreta</span> <span class='ocrx_word' id='word_1_243' title='bbox 654 1255 734 1290; x_wconf 80' lang='lat' dir='ltr'>fidei</span> <span class='ocrx_word' id='word_1_244' title='bbox 752 1255 958 1290; x_wconf 84' lang='lat' dir='ltr'>contineant.</span> <span class='ocrx_word' id='word_1_245' title='bbox 1011 1252 1115 1295; x_wconf 88' lang='lat' dir='ltr'>Quod</span> <span class='ocrx_word' id='word_1_246' title='bbox 1139 1263 1253 1286; x_wconf 88' lang='lat' dir='ltr'>autem</span> <span class='ocrx_word' id='word_1_247' title='bbox 1272 1264 1317 1292; x_wconf 85' lang='lat' dir='ltr'>ea,</span> <span class='ocrx_word' id='word_1_248' title='bbox 1338 1264 1423 1296; x_wconf 86' lang='lat' dir='ltr'>quae</span> <span class='ocrx_word' id='word_1_249' title='bbox 1448 1264 1580 1286; x_wconf 89' lang='lat' dir='ltr'>errores</span> <span class='ocrx_word' id='word_1_250' title='bbox 1605 1251 1855 1288; x_wconf 82' lang='lat' dir='ltr'>haereticorum</span> 
     </span>
     <span class='ocr_line' id='line_1_23' title="bbox 236 1298 1845 1361; baseline -0.007 -14"><span class='ocrx_word' id='word_1_251' title='bbox 236 1311 407 1361; x_wconf 57' lang='lat' dir='ltr'>speetant⁷</span> <span class='ocrx_word' id='word_1_252' title='bbox 435 1309 541 1353; x_wconf 78' lang='lat' dir='ltr'>vulgo</span> <span class='ocrx_word' id='word_1_253' title='bbox 557 1304 771 1350; x_wconf 80' lang='lat' dir='ltr'>appellentur</span> <span class='ocrx_word' id='word_1_254' title='bbox 789 1302 926 1336; x_wconf 83' lang='lat' dir='ltr'>materia</span> <span class='ocrx_word' id='word_1_255' title='bbox 945 1299 1046 1339; x_wconf 81' lang='lat' dir='ltr'>fidei,</span> <span class='ocrx_word' id='word_1_256' title='bbox 1072 1298 1200 1333; x_wconf 64' lang='lat' dir='ltr'>fastum</span> <span class='ocrx_word' id='word_1_257' title='bbox 1220 1299 1266 1333; x_wconf 87' lang='lat' dir='ltr'>est</span> <span class='ocrx_word' id='word_1_258' title='bbox 1286 1312 1323 1332; x_wconf 89' lang='lat' dir='ltr'>ex</span> <span class='ocrx_word' id='word_1_259' title='bbox 1342 1300 1516 1333; x_wconf 83' lang='lat' dir='ltr'>communi</span> <span class='ocrx_word' id='word_1_260' title='bbox 1540 1299 1706 1344; x_wconf 85' lang='lat' dir='ltr'>loquendi</span> <span class='ocrx_word' id='word_1_261' title='bbox 1734 1312 1845 1342; x_wconf 84' lang='lat' dir='ltr'>more,</span> 
     </span>
     <span class='ocr_line' id='line_1_24' title="bbox 239 1346 1851 1408; baseline -0.014 -12"><span class='ocrx_word' id='word_1_262' title='bbox 239 1374 309 1408; x_wconf 70' lang='lat' dir='ltr'>quo</span> <span class='ocrx_word' id='word_1_263' title='bbox 325 1358 432 1394; x_wconf 85' lang='lat' dir='ltr'>solent</span> <span class='ocrx_word' id='word_1_264' title='bbox 451 1351 617 1404; x_wconf 73' lang='lat' dir='ltr'>ejusmodi</span> <span class='ocrx_word' id='word_1_265' title='bbox 630 1349 879 1387; x_wconf 82' lang='lat' dir='ltr'>controverfiae</span> <span class='ocrx_word' id='word_1_266' title='bbox 896 1348 1082 1392; x_wconf 72' lang='lat' dir='ltr'>specialiter</span> <span class='ocrx_word' id='word_1_267' title='bbox 1100 1349 1239 1381; x_wconf 86' lang='lat' dir='ltr'>nornine</span> <span class='ocrx_word' id='word_1_268' title='bbox 1254 1346 1332 1382; x_wconf 84' lang='lat' dir='ltr'>fidei</span> <span class='ocrx_word' id='word_1_269' title='bbox 1348 1347 1540 1394; x_wconf 82' lang='lat' dir='ltr'>indigitari:</span> <span class='ocrx_word' id='word_1_270' title='bbox 1569 1351 1725 1393; x_wconf 77' lang='lat' dir='ltr'>quamvis</span> <span class='ocrx_word' id='word_1_271' title='bbox 1747 1350 1851 1386; x_wconf 56' lang='lat' dir='ltr'>enlin</span> 
     </span>
     <span class='ocr_line' id='line_1_25' title="bbox 237 1396 1852 1452; baseline -0.023 -5"><span class='ocrx_word' id='word_1_272' title='bbox 237 1413 313 1449; x_wconf 77' lang='lat' dir='ltr'>lint.</span> <span class='ocrx_word' id='word_1_273' title='bbox 329 1409 371 1443; x_wconf 87' lang='lat' dir='ltr'>de</span> <span class='ocrx_word' id='word_1_274' title='bbox 386 1408 513 1452; x_wconf 77' lang='lat' dir='ltr'>quibus</span> <span class='ocrx_word' id='word_1_275' title='bbox 533 1415 608 1438; x_wconf 87' lang='lat' dir='ltr'>cum</span> <span class='ocrx_word' id='word_1_276' title='bbox 627 1401 803 1436; x_wconf 80' lang='lat' dir='ltr'>haereticis</span> <span class='ocrx_word' id='word_1_277' title='bbox 822 1397 913 1432; x_wconf 90' lang='lat' dir='ltr'>nulla</span> <span class='ocrx_word' id='word_1_278' title='bbox 929 1397 979 1437; x_wconf 88' lang='lat' dir='ltr'>lis,</span> <span class='ocrx_word' id='word_1_279' title='bbox 997 1409 1082 1441; x_wconf 79' lang='lat' dir='ltr'>quae</span> <span class='ocrx_word' id='word_1_280' title='bbox 1100 1409 1169 1432; x_wconf 84' lang='lat' dir='ltr'>non</span> <span class='ocrx_word' id='word_1_281' title='bbox 1191 1398 1304 1432; x_wconf 66' lang='lat' dir='ltr'>minus</span> <span class='ocrx_word' id='word_1_282' title='bbox 1329 1398 1371 1432; x_wconf 65' lang='lat' dir='ltr'>ad</span> <span class='ocrx_word' id='word_1_283' title='bbox 1398 1396 1502 1432; x_wconf 71' lang='lat' dir='ltr'>fidem</span> <span class='ocrx_word' id='word_1_284' title='bbox 1530 1401 1710 1444; x_wconf 76' lang='lat' dir='ltr'>pertinent.</span> <span class='ocrx_word' id='word_1_285' title='bbox 1745 1400 1797 1435; x_wconf 67' lang='lat' dir='ltr'>Sic</span> <span class='ocrx_word' id='word_1_286' title='bbox 1815 1401 1852 1435; x_wconf 69' lang='lat' dir='ltr'>in</span> 
     </span>
     <span class='ocr_line' id='line_1_26' title="bbox 238 1444 1854 1499; baseline -0.008 -2"><span class='ocrx_word' id='word_1_287' title='bbox 238 1459 384 1499; x_wconf 68' lang='lat' dir='ltr'>concilio</span> <span class='ocrx_word' id='word_1_288' title='bbox 394 1455 618 1492; x_wconf 80' lang='lat' dir='ltr'>Tridentino,</span> <span class='ocrx_word' id='word_1_289' title='bbox 647 1451 723 1485; x_wconf 88' lang='lat' dir='ltr'>licet</span> <span class='ocrx_word' id='word_1_290' title='bbox 744 1450 875 1484; x_wconf 85' lang='lat' dir='ltr'>decreta</span> <span class='ocrx_word' id='word_1_291' title='bbox 892 1458 923 1480; x_wconf 85' lang='lat' dir='ltr'>et</span> <span class='ocrx_word' id='word_1_292' title='bbox 940 1458 1083 1481; x_wconf 83' lang='lat' dir='ltr'>canones</span> <span class='ocrx_word' id='word_1_293' title='bbox 1100 1446 1133 1479; x_wconf 92' lang='lat' dir='ltr'>in</span> <span class='ocrx_word' id='word_1_294' title='bbox 1155 1446 1338 1480; x_wconf 85' lang='lat' dir='ltr'>haereticos</span> <span class='ocrx_word' id='word_1_295' title='bbox 1355 1444 1538 1491; x_wconf 82' lang='lat' dir='ltr'>specialiter</span> <span class='ocrx_word' id='word_1_296' title='bbox 1556 1449 1775 1494; x_wconf 79' lang='lat' dir='ltr'>appellentur</span> <span class='ocrx_word' id='word_1_297' title='bbox 1794 1449 1854 1484; x_wconf 89' lang='lat' dir='ltr'>de-</span> 
     </span>
     <span class='ocr_line' id='line_1_27' title="bbox 235 1493 1854 1549; baseline -0.011 -1"><span class='ocrx_word' id='word_1_298' title='bbox 235 1523 344 1549; x_wconf 80' lang='lat' dir='ltr'>creta,</span> <span class='ocrx_word' id='word_1_299' title='bbox 370 1507 411 1541; x_wconf 85' lang='lat' dir='ltr'>de</span> <span class='ocrx_word' id='word_1_300' title='bbox 428 1506 495 1542; x_wconf 82' lang='lat' dir='ltr'>fide</span> <span class='ocrx_word' id='word_1_301' title='bbox 514 1502 739 1538; x_wconf 74' lang='lat' dir='ltr'>nihilominus</span> <span class='ocrx_word' id='word_1_302' title='bbox 757 1496 865 1532; x_wconf 81' lang='lat' dir='ltr'>multa</span> <span class='ocrx_word' id='word_1_303' title='bbox 882 1494 955 1529; x_wconf 88' lang='lat' dir='ltr'>sunt</span> <span class='ocrx_word' id='word_1_304' title='bbox 975 1495 1011 1529; x_wconf 84' lang='lat' dir='ltr'>in</span> <span class='ocrx_word' id='word_1_305' title='bbox 1036 1493 1206 1540; x_wconf 85' lang='lat' dir='ltr'>capitibus</span> <span class='ocrx_word' id='word_1_306' title='bbox 1231 1495 1270 1528; x_wconf 93' lang='lat' dir='ltr'>de</span> <span class='ocrx_word' id='word_1_307' title='bbox 1289 1493 1546 1538; x_wconf 84' lang='lat' dir='ltr'>reformatione,</span> <span class='ocrx_word' id='word_1_308' title='bbox 1570 1510 1656 1542; x_wconf 86' lang='lat' dir='ltr'>quae</span> <span class='ocrx_word' id='word_1_309' title='bbox 1679 1498 1721 1533; x_wconf 84' lang='lat' dir='ltr'>ad</span> <span class='ocrx_word' id='word_1_310' title='bbox 1749 1497 1854 1535; x_wconf 74' lang='lat' dir='ltr'>fidem</span> 
     </span>
     <span class='ocr_line' id='line_1_28' title="bbox 238 1543 1851 1601; baseline -0.008 -7"><span class='ocrx_word' id='word_1_311' title='bbox 238 1574 309 1598; x_wconf 82' lang='lat' dir='ltr'>non</span> <span class='ocrx_word' id='word_1_312' title='bbox 327 1559 439 1592; x_wconf 80' lang='lat' dir='ltr'>minus</span> <span class='ocrx_word' id='word_1_313' title='bbox 455 1555 646 1601; x_wconf 81' lang='lat' dir='ltr'>pertinent,</span> <span class='ocrx_word' id='word_1_314' title='bbox 670 1560 775 1594; x_wconf 83' lang='lat' dir='ltr'>quarn</span> <span class='ocrx_word' id='word_1_315' title='bbox 800 1557 885 1591; x_wconf 83' lang='lat' dir='ltr'>quae</span> <span class='ocrx_word' id='word_1_316' title='bbox 911 1545 945 1579; x_wconf 88' lang='lat' dir='ltr'>in</span> <span class='ocrx_word' id='word_1_317' title='bbox 969 1543 1166 1579; x_wconf 83' lang='lat' dir='ltr'>canonibus.</span> <span class='ocrx_word' id='word_1_318' title='bbox 1220 1544 1328 1579; x_wconf 88' lang='lat' dir='ltr'>Mitto</span> <span class='ocrx_word' id='word_1_319' title='bbox 1352 1545 1568 1580; x_wconf 85' lang='lat' dir='ltr'>autoritatem</span> <span class='ocrx_word' id='word_1_320' title='bbox 1601 1546 1851 1594; x_wconf 82' lang='lat' dir='ltr'>manuscripto-</span> 
     </span>
     <span class='ocr_line' id='line_1_29' title="bbox 238 1593 1850 1648; baseline -0.015 -2"><span class='ocrx_word' id='word_1_321' title='bbox 238 1623 317 1648; x_wconf 83' lang='lat' dir='ltr'>rum</span> <span class='ocrx_word' id='word_1_322' title='bbox 328 1608 572 1641; x_wconf 86' lang='lat' dir='ltr'>Vaticanorum</span> <span class='ocrx_word' id='word_1_323' title='bbox 585 1611 602 1641; x_wconf 56' lang='lat'>,&#39;</span> <span class='ocrx_word' id='word_1_324' title='bbox 622 1600 655 1633; x_wconf 83' lang='lat' dir='ltr'>in</span> <span class='ocrx_word' id='word_1_325' title='bbox 677 1597 802 1643; x_wconf 82' lang='lat' dir='ltr'>quibus</span> <span class='ocrx_word' id='word_1_326' title='bbox 821 1593 938 1630; x_wconf 82' lang='lat' dir='ltr'>titulus</span> <span class='ocrx_word' id='word_1_327' title='bbox 956 1593 1015 1628; x_wconf 85' lang='lat' dir='ltr'>iste</span> <span class='ocrx_word' id='word_1_328' title='bbox 1032 1593 1212 1628; x_wconf 87' lang='lat' dir='ltr'>recentiori</span> <span class='ocrx_word' id='word_1_329' title='bbox 1225 1605 1325 1627; x_wconf 85' lang='lat' dir='ltr'>manu</span> <span class='ocrx_word' id='word_1_330' title='bbox 1348 1594 1447 1639; x_wconf 77' lang='lat' dir='ltr'>adjici</span> <span class='ocrx_word' id='word_1_331' title='bbox 1467 1595 1601 1639; x_wconf 88' lang='lat' dir='ltr'>potuit,</span> <span class='ocrx_word' id='word_1_332' title='bbox 1627 1607 1659 1631; x_wconf 86' lang='lat' dir='ltr'>et</span> <span class='ocrx_word' id='word_1_333' title='bbox 1675 1596 1716 1632; x_wconf 79' lang='lat' dir='ltr'>ab</span> <span class='ocrx_word' id='word_1_334' title='bbox 1733 1596 1850 1643; x_wconf 70' lang='lat' dir='ltr'>aliquo</span> 
     </span>
     <span class='ocr_line' id='line_1_30' title="bbox 237 1641 1515 1699; baseline -0.014 -5"><span class='ocrx_word' id='word_1_335' title='bbox 237 1657 483 1699; x_wconf 19' lang='lat' dir='ltr'>eiusdemtcum</span> <span class='ocrx_word' id='word_1_336' title='bbox 501 1650 709 1688; x_wconf 85' lang='lat' dir='ltr'>Bellarmino</span> <span class='ocrx_word' id='word_1_337' title='bbox 722 1657 756 1681; x_wconf 86' lang='lat' dir='ltr'>et</span> <span class='ocrx_word' id='word_1_338' title='bbox 773 1645 935 1692; x_wconf 82' lang='lat' dir='ltr'>Cajetano</span> <span class='ocrx_word' id='word_1_339' title='bbox 951 1642 1129 1679; x_wconf 61' lang='lat' dir='ltr'>tententiae</span> <span class='ocrx_word' id='word_1_340' title='bbox 1147 1641 1343 1677; x_wconf 85' lang='lat' dir='ltr'>seffionibus</span> <span class='ocrx_word' id='word_1_341' title='bbox 1360 1641 1515 1690; x_wconf 81' lang='lat' dir='ltr'>praefigi.</span> 
     </span>
    </p>
   </div>
   <div class='ocr_carea' id='block_1_3' title="bbox 233 1706 1858 2220">
    <p class='ocr_par' dir='ltr' id='par_1_3' title="bbox 233 1706 1858 2220">
     <span class='ocr_line' id='line_1_31' title="bbox 390 1706 1855 1758; baseline -0.011 -2"><span class='ocrx_word' id='word_1_342' title='bbox 390 1721 542 1756; x_wconf 73' lang='lat' dir='ltr'>Alterum</span> <span class='ocrx_word' id='word_1_343' title='bbox 562 1713 769 1752; x_wconf 77' lang='lat' dir='ltr'>Schelestrati</span> <span class='ocrx_word' id='word_1_344' title='bbox 785 1720 1026 1758; x_wconf 85' lang='lat' dir='ltr'>argumentum</span> <span class='ocrx_word' id='word_1_345' title='bbox 1038 1733 1047 1749; x_wconf 89' lang='lat'>,</span> <span class='ocrx_word' id='word_1_346' title='bbox 1074 1719 1112 1742; x_wconf 90' lang='lat' dir='ltr'>ut</span> <span class='ocrx_word' id='word_1_347' title='bbox 1129 1707 1254 1755; x_wconf 84' lang='lat' dir='ltr'>probet</span> <span class='ocrx_word' id='word_1_348' title='bbox 1272 1720 1343 1743; x_wconf 89' lang='lat' dir='ltr'>non</span> <span class='ocrx_word' id='word_1_349' title='bbox 1361 1706 1460 1743; x_wconf 79' lang='lat' dir='ltr'>fuisse</span> <span class='ocrx_word' id='word_1_350' title='bbox 1474 1708 1675 1746; x_wconf 82' lang='lat' dir='ltr'>confirmata</span> <span class='ocrx_word' id='word_1_351' title='bbox 1684 1723 1749 1757; x_wconf 80' lang='lat' dir='ltr'>per</span> <span class='ocrx_word' id='word_1_352' title='bbox 1757 1714 1855 1748; x_wconf 72' lang='lat' dir='ltr'>Mar.</span> 
     </span>
     <span class='ocr_line' id='line_1_32' title="bbox 236 1756 1845 1816; baseline -0.011 -6"><span class='ocrx_word' id='word_1_353' title='bbox 236 1776 353 1810; x_wconf 80' lang='lat' dir='ltr'>tinum</span> <span class='ocrx_word' id='word_1_354' title='bbox 373 1771 529 1816; x_wconf 78' lang='lat' dir='ltr'>quintum</span> <span class='ocrx_word' id='word_1_355' title='bbox 551 1765 700 1801; x_wconf 79' lang='lat' dir='ltr'>seffionis</span> <span class='ocrx_word' id='word_1_356' title='bbox 717 1774 854 1808; x_wconf 83' lang='lat' dir='ltr'>quartae</span> <span class='ocrx_word' id='word_1_357' title='bbox 871 1772 903 1796; x_wconf 90' lang='lat' dir='ltr'>et</span> <span class='ocrx_word' id='word_1_358' title='bbox 924 1760 1060 1805; x_wconf 86' lang='lat' dir='ltr'>quintae</span> <span class='ocrx_word' id='word_1_359' title='bbox 1078 1757 1222 1797; x_wconf 81' lang='lat' dir='ltr'>decreta,</span> <span class='ocrx_word' id='word_1_360' title='bbox 1251 1756 1296 1791; x_wconf 88' lang='lat' dir='ltr'>est</span> <span class='ocrx_word' id='word_1_361' title='bbox 1324 1757 1501 1805; x_wconf 84' lang='lat' dir='ltr'>ejusmodi.</span> <span class='ocrx_word' id='word_1_362' title='bbox 1554 1762 1708 1795; x_wconf 83' lang='lat' dir='ltr'>Tantum</span> <span class='ocrx_word' id='word_1_363' title='bbox 1736 1760 1845 1804; x_wconf 80' lang='lat' dir='ltr'>abest,</span> 
     </span>
     <span class='ocr_line' id='line_1_33' title="bbox 242 1806 1852 1864; baseline -0.01 -4"><span class='ocrx_word' id='word_1_364' title='bbox 242 1837 279 1860; x_wconf 90' lang='lat' dir='ltr'>ut</span> <span class='ocrx_word' id='word_1_365' title='bbox 297 1823 468 1858; x_wconf 68' lang='lat' dir='ltr'>Martinm</span> <span class='ocrx_word' id='word_1_366' title='bbox 487 1818 627 1864; x_wconf 82' lang='lat' dir='ltr'>quintus</span> <span class='ocrx_word' id='word_1_367' title='bbox 647 1815 726 1849; x_wconf 86' lang='lat' dir='ltr'>haec</span> <span class='ocrx_word' id='word_1_368' title='bbox 744 1814 876 1848; x_wconf 84' lang='lat' dir='ltr'>decreta</span> <span class='ocrx_word' id='word_1_369' title='bbox 896 1807 1114 1856; x_wconf 88' lang='lat' dir='ltr'>approbarit,</span> <span class='ocrx_word' id='word_1_370' title='bbox 1142 1807 1225 1851; x_wconf 91' lang='lat' dir='ltr'>quin</span> <span class='ocrx_word' id='word_1_371' title='bbox 1247 1819 1263 1840; x_wconf 91' lang='lat' dir='ltr'>e</span> <span class='ocrx_word' id='word_1_372' title='bbox 1280 1818 1396 1842; x_wconf 86' lang='lat' dir='ltr'>contra</span> <span class='ocrx_word' id='word_1_373' title='bbox 1415 1807 1498 1843; x_wconf 89' lang='lat' dir='ltr'>dum</span> <span class='ocrx_word' id='word_1_374' title='bbox 1514 1806 1607 1844; x_wconf 87' lang='lat' dir='ltr'>solus</span> <span class='ocrx_word' id='word_1_375' title='bbox 1627 1807 1756 1846; x_wconf 90' lang='lat' dir='ltr'>obstitit</span> <span class='ocrx_word' id='word_1_376' title='bbox 1772 1823 1852 1847; x_wconf 87' lang='lat' dir='ltr'>con-</span> 
     </span>
     <span class='ocr_line' id='line_1_34' title="bbox 241 1858 1856 1914; baseline -0.009 -5"><span class='ocrx_word' id='word_1_377' title='bbox 241 1874 339 1912; x_wconf 84' lang='lat' dir='ltr'>cilio,</span> <span class='ocrx_word' id='word_1_378' title='bbox 368 1883 408 1905; x_wconf 89' lang='lat' dir='ltr'>ne</span> <span class='ocrx_word' id='word_1_379' title='bbox 426 1869 509 1903; x_wconf 68' lang='lat' dir='ltr'>l‘tber</span> <span class='ocrx_word' id='word_1_380' title='bbox 528 1865 671 1914; x_wconf 76' lang='lat' dir='ltr'>joannis</span> <span class='ocrx_word' id='word_1_381' title='bbox 688 1860 914 1906; x_wconf 66' lang='lat' dir='ltr'>Falkeretberg</span> <span class='ocrx_word' id='word_1_382' title='bbox 930 1859 1169 1898; x_wconf 83' lang='lat' dir='ltr'>damnaretur,</span> <span class='ocrx_word' id='word_1_383' title='bbox 1194 1868 1338 1901; x_wconf 88' lang='lat' dir='ltr'>cumque</span> <span class='ocrx_word' id='word_1_384' title='bbox 1356 1869 1444 1892; x_wconf 85' lang='lat' dir='ltr'>unus</span> <span class='ocrx_word' id='word_1_385' title='bbox 1469 1869 1508 1892; x_wconf 86' lang='lat' dir='ltr'>ex</span> <span class='ocrx_word' id='word_1_386' title='bbox 1526 1858 1686 1893; x_wconf 88' lang='lat' dir='ltr'>Poloniae</span> <span class='ocrx_word' id='word_1_387' title='bbox 1703 1861 1793 1906; x_wconf 80' lang='lat' dir='ltr'>regis</span> <span class='ocrx_word' id='word_1_388' title='bbox 1808 1859 1856 1896; x_wconf 86' lang='lat' dir='ltr'>le-</span> 
     </span>
     <span class='ocr_line' id='line_1_35' title="bbox 244 1905 1854 1969; baseline -0.014 -12"><span class='ocrx_word' id='word_1_389' title='bbox 244 1924 329 1969; x_wconf 71' lang='lat' dir='ltr'>gatis</span> <span class='ocrx_word' id='word_1_390' title='bbox 346 1921 385 1955; x_wconf 87' lang='lat' dir='ltr'>ad</span> <span class='ocrx_word' id='word_1_391' title='bbox 405 1918 562 1954; x_wconf 54' lang='lat' dir='ltr'>fiturum</span> <span class='ocrx_word' id='word_1_392' title='bbox 580 1914 762 1950; x_wconf 85' lang='lat' dir='ltr'>concilium</span> <span class='ocrx_word' id='word_1_393' title='bbox 790 1908 855 1946; x_wconf 85' lang='lat' dir='ltr'>sese</span> <span class='ocrx_word' id='word_1_394' title='bbox 879 1909 1128 1956; x_wconf 84' lang='lat' dir='ltr'>appellaturum</span> <span class='ocrx_word' id='word_1_395' title='bbox 1162 1905 1314 1946; x_wconf 88' lang='lat' dir='ltr'>diceret,</span> <span class='ocrx_word' id='word_1_396' title='bbox 1349 1906 1508 1953; x_wconf 85' lang='lat' dir='ltr'>pontifex</span> <span class='ocrx_word' id='word_1_397' title='bbox 1537 1908 1568 1942; x_wconf 88' lang='lat' dir='ltr'>ei</span> <span class='ocrx_word' id='word_1_398' title='bbox 1597 1907 1765 1945; x_wconf 69' lang='lat' dir='ltr'>silentium</span> <span class='ocrx_word' id='word_1_399' title='bbox 1791 1909 1854 1946; x_wconf 74' lang='lat' dir='ltr'>sub</span> 
     </span>
     <span class='ocr_line' id='line_1_36' title="bbox 242 1954 1853 2020; baseline -0.007 -15"><span class='ocrx_word' id='word_1_400' title='bbox 242 1983 355 2020; x_wconf 71' lang='lat' dir='ltr'>poem</span> <span class='ocrx_word' id='word_1_401' title='bbox 374 1965 733 2002; x_wconf 76' lang='lat' dir='ltr'>excommunicationis</span> <span class='ocrx_word' id='word_1_402' title='bbox 753 1958 925 2006; x_wconf 82' lang='lat' dir='ltr'>imposuit.</span> <span class='ocrx_word' id='word_1_403' title='bbox 948 1961 1097 1993; x_wconf 87' lang='lat' dir='ltr'>Demum</span> <span class='ocrx_word' id='word_1_404' title='bbox 1114 1954 1211 1990; x_wconf 82' lang='lat' dir='ltr'>finito</span> <span class='ocrx_word' id='word_1_405' title='bbox 1223 1956 1376 1997; x_wconf 87' lang='lat' dir='ltr'>concilio,</span> <span class='ocrx_word' id='word_1_406' title='bbox 1406 1955 1483 1992; x_wconf 89' lang='lat' dir='ltr'>teste</span> <span class='ocrx_word' id='word_1_407' title='bbox 1503 1956 1664 1998; x_wconf 83' lang='lat' dir='ltr'>Gersone‚</span> <span class='ocrx_word' id='word_1_408' title='bbox 1691 1958 1853 1996; x_wconf 88' lang='lat' dir='ltr'>constitu-</span> 
     </span>
     <span class='ocr_line' id='line_1_37' title="bbox 244 2003 1853 2064; baseline -0.016 -9"><span class='ocrx_word' id='word_1_409' title='bbox 244 2024 373 2056; x_wconf 84' lang='lat' dir='ltr'>tionem</span> <span class='ocrx_word' id='word_1_410' title='bbox 390 2015 640 2064; x_wconf 76' lang='lat' dir='ltr'>promulgavit,</span> <span class='ocrx_word' id='word_1_411' title='bbox 668 2013 702 2046; x_wconf 84' lang='lat' dir='ltr'>in</span> <span class='ocrx_word' id='word_1_412' title='bbox 720 2022 787 2055; x_wconf 84' lang='lat' dir='ltr'>qua</span> <span class='ocrx_word' id='word_1_413' title='bbox 814 2010 892 2044; x_wconf 81' lang='lat' dir='ltr'>haec</span> <span class='ocrx_word' id='word_1_414' title='bbox 922 2006 1152 2053; x_wconf 80' lang='lat' dir='ltr'>reponebatur</span> <span class='ocrx_word' id='word_1_415' title='bbox 1177 2003 1336 2040; x_wconf 83' lang='lat' dir='ltr'>affertio:</span> <span class='ocrx_word' id='word_1_416' title='bbox 1381 2007 1484 2042; x_wconf 80' lang='lat' dir='ltr'>Nulli</span> <span class='ocrx_word' id='word_1_417' title='bbox 1503 2009 1566 2053; x_wconf 59' lang='lat' dir='ltr'>sm</span> <span class='ocrx_word' id='word_1_418' title='bbox 1592 2007 1634 2053; x_wconf 69' lang='lat' dir='ltr'>0st</span> <span class='ocrx_word' id='word_1_419' title='bbox 1653 2021 1680 2042; x_wconf 59' lang='lat' dir='ltr'>‚a</span> <span class='ocrx_word' id='word_1_420' title='bbox 1701 2011 1853 2056; x_wconf 62' lang='lat' dir='ltr'>supremo</span> 
     </span>
     <span class='ocr_line' id='line_1_38' title="bbox 235 2054 1858 2121; baseline -0.01 -15"><span class='ocrx_word' id='word_1_421' title='bbox 235 2070 391 2121; x_wconf 80' lang='lat' dir='ltr'>judicio,</span> <span class='ocrx_word' id='word_1_422' title='bbox 417 2065 577 2101; x_wconf 72' lang='lat' dir='ltr'>videlicet</span> <span class='ocrx_word' id='word_1_423' title='bbox 596 2062 764 2109; x_wconf 74' lang='lat' dir='ltr'>apostolico</span> <span class='ocrx_word' id='word_1_424' title='bbox 780 2084 789 2097; x_wconf 83' lang='lat'>,</span> <span class='ocrx_word' id='word_1_425' title='bbox 809 2060 871 2105; x_wconf 84' lang='lat' dir='ltr'>seu</span> <span class='ocrx_word' id='word_1_426' title='bbox 898 2060 1044 2093; x_wconf 82' lang='lat' dir='ltr'>Romano</span> <span class='ocrx_word' id='word_1_427' title='bbox 1079 2054 1237 2101; x_wconf 80' lang='lat' dir='ltr'>pontifice</span> <span class='ocrx_word' id='word_1_428' title='bbox 1262 2055 1497 2102; x_wconf 73' lang='lat' dir='ltr'>Jesu-Clzristi</span> <span class='ocrx_word' id='word_1_429' title='bbox 1530 2059 1660 2091; x_wconf 83' lang='lat' dir='ltr'>vicario</span> <span class='ocrx_word' id='word_1_430' title='bbox 1687 2061 1724 2092; x_wconf 84' lang='lat' dir='ltr'>in</span> <span class='ocrx_word' id='word_1_431' title='bbox 1749 2062 1858 2094; x_wconf 64' lang='lat' dir='ltr'>terris</span> 
     </span>
     <span class='ocr_line' id='line_1_39' title="bbox 242 2104 1858 2166; baseline -0.011 -10"><span class='ocrx_word' id='word_1_432' title='bbox 242 2119 438 2166; x_wconf 78' lang='lat' dir='ltr'>appellare,</span> <span class='ocrx_word' id='word_1_433' title='bbox 465 2123 524 2149; x_wconf 85' lang='lat' dir='ltr'>aut</span> <span class='ocrx_word' id='word_1_434' title='bbox 542 2114 633 2147; x_wconf 78' lang='lat' dir='ltr'>illius</span> <span class='ocrx_word' id='word_1_435' title='bbox 644 2110 812 2157; x_wconf 78' lang='lat' dir='ltr'>judicium</span> <span class='ocrx_word' id='word_1_436' title='bbox 839 2111 876 2143; x_wconf 88' lang='lat' dir='ltr'>in</span> <span class='ocrx_word' id='word_1_437' title='bbox 901 2108 997 2154; x_wconf 77' lang='lat' dir='ltr'>caufis</span> <span class='ocrx_word' id='word_1_438' title='bbox 1022 2104 1127 2148; x_wconf 84' lang='lat' dir='ltr'>fidei,</span> <span class='ocrx_word' id='word_1_439' title='bbox 1153 2116 1237 2153; x_wconf 84' lang='lat' dir='ltr'>quae</span> <span class='ocrx_word' id='word_1_440' title='bbox 1262 2113 1428 2153; x_wconf 86' lang='lat' dir='ltr'>tamquam</span> <span class='ocrx_word' id='word_1_441' title='bbox 1454 2107 1596 2150; x_wconf 81' lang='lat' dir='ltr'>majores</span> <span class='ocrx_word' id='word_1_442' title='bbox 1620 2105 1668 2141; x_wconf 86' lang='lat' dir='ltr'>ad</span> <span class='ocrx_word' id='word_1_443' title='bbox 1691 2108 1797 2153; x_wconf 82' lang='lat' dir='ltr'>ipsum</span> <span class='ocrx_word' id='word_1_444' title='bbox 1818 2117 1858 2146; x_wconf 59' lang='lat' dir='ltr'>gt</span> 
     </span>
     <span class='ocr_line' id='line_1_40' title="bbox 233 2157 1127 2220; baseline -0.02 -14"><span class='ocrx_word' id='word_1_445' title='bbox 233 2169 352 2220; x_wconf 72' lang='lat' dir='ltr'>sedem</span> <span class='ocrx_word' id='word_1_446' title='bbox 374 2165 583 2215; x_wconf 75' lang='lat' dir='ltr'>apostolicam</span> <span class='ocrx_word' id='word_1_447' title='bbox 609 2157 819 2207; x_wconf 75' lang='lat' dir='ltr'>deferendae</span> <span class='ocrx_word' id='word_1_448' title='bbox 835 2157 917 2206; x_wconf 74' lang='lat' dir='ltr'>flur,</span> <span class='ocrx_word' id='word_1_449' title='bbox 943 2157 1127 2193; x_wconf 77' lang='lat' dir='ltr'>declinare.</span> 
     </span>
    </p>
   </div>
   <div class='ocr_carea' id='block_1_4' title="bbox 1579 2272 1807 2323">
    <p class='ocr_par' dir='ltr' id='par_1_4' title="bbox 1579 2272 1807 2323">
     <span class='ocr_line' id='line_1_41' title="bbox 1579 2272 1807 2323; baseline 0.013 -13"><span class='ocrx_word' id='word_1_450' title='bbox 1579 2272 1786 2323; x_wconf 68' lang='lat' dir='ltr'>Respondeat</span> <span class='ocrx_word' id='word_1_451' title='bbox 1794 2300 1807 2316; x_wconf 82' lang='grc'><strong><em>,</em></strong></span> 
     </span>
    </p>
   </div>
  </div>
 </body>
</html>
