1982 2739
324 202 394 227 «ιο
510 192 514 195 ’
592 189 667 225 DE
692 187 972 230 ANTPQUA
996 186 1289 225 EUGLESIAE
1312 186 1654 223 DISCIPLINA*

274 283 353 317 dem
373 281 455 327 legis
473 279 692 326 praescripto.
745 280 787 314 Et
803 282 895 313 certe
917 280 986 312 non
1005 274 1050 310 est
1067 275 1187 322 'potior
1211 275 1296 310 ratio
1308 301 1316 315 ‚
1346 287 1405 309 cur
1423 278 1535 312 caulae
1551 275 1755 312 elefflonum
1772 277 1880 312 cathe'-

276 333 422 368 dralium
444 329 655 366 eccleliarum
676 328 868 364 immediate
888 325 1115 362 devolvantur
1133 326 1174 360 ad
1207 324 1319 360 sedem
1347 323 1586 369 apostolicam,
1624 340 1725 370 quam
1748 327 1881 368 causae,

275 379 520 429 quaespeecant
537 379 765 425 depolitiones
782 377 1037 424 episcoporum.
1089 386 1177 410 uum
1194 377 1300 420 igitur
1318 375 1507 410 Batileenzis
1535 377 1669 411 concilii
1692 374 1820 411 sanstio
1841 376 1882 411 il-

278 434 324 468 las
348 432 543 468 immediate
562 428 689 464 deferat
704 429 745 463 ad
762 427 978 474 pontificem,
1006 426 1065 460 has
1082 427 1183 460 etiam
1201 426 1280 460 illuc
1300 422 1423 459 deferri
1445 425 1621 471 supponit.
1677 429 1806 460 Verum
1829 437 1884 460 ve.

277 496 325 518 tat
340 483 456 518 eadem
474 478 545 518 lex,
572 492 613 514 ne
629 478 743 514 causae
761 477 1048 525 istaerjudicentur
1065 479 1189 511 Romae
1207 499 1216 515 ,
1241 473 1296 509 sed
1318 474 1388 508 vult
1403 476 1444 509 ad
1465 487 1518 510 eas
1538 474 1732 522 judicandas
1755 477 1786 509 in
1806 486 1881 521 par-

274 535 367 569 tibus
385 531 563 579 episcopos
580 528 774 568 nominari,
802 527 863 561 nisi
881 537 1025 574 propter
1036 523 1205 560 defestum
1223 523 1383 572 justitiae,
1411 536 1467 559 aut
1486 537 1634 562 metum,
1661 527 1762 559 etiam
1779 525 1815 559 in
1834 525 1885 559 lo·

280 589 326 623 cis
345 583 534 620 convicinis
555 578 669 614 eadem
690 578 760 618 lex,
788 577 907 611 eodem
923 574 1065 622 prorsus
1085 574 1190 609 modo
1208 573 1426 620 promulgata
1444 574 1490 609 est
1514 576 1548 609 in
1572 576 1780 621 pragmatica
1812 573 1886 609 san-

282 636 394 672 stione
411 659 420 675 ‚
447 644 483 667 ac
501 632 637 665 demum
655 629 689 662 in
706 627 919 662 concordatis
933 650 943 664 ,
970 624 1028 660 ubi
1045 622 1122 659 finis
1143 623 1289 671 ejusdem
1306 624 1389 669 legis
1411 624 1455 658 ita
1477 623 1507 658 se
1525 625 1627 659 habet
1645 638 1652 657 z
1679 624 1719 658 Si
1736 626 1810 672 quis
1831 635 1887 659 ve·

282 700 320 721 ro
339 682 528 719 immediate
535 678 706 726 subjeflus
722 677 799 722 sedi
821 676 1013 724 apostolicae
1030 674 1077 709 ad
1093 674 1236 709 eamdem
1244 674 1357 719 sedem
1372 673 1514 710 duxerit
1533 674 1784 721 adpelludum,
1812 681 1888 708 cau'-

273 739 316 783 sa
334 736 533 770 remittatur
550 733 588 764 in
605 726 764 774 partibus
775 737 838 773 per
855 727 1070 772 rescriptum,
1097 726 1198 772 usque
1224 723 1270 758 ad
1284 722 1385 766 finem
1409 726 1496 761 litis,
1535 724 1695 760 videlicet
1719 725 1819 771 usque
1843 721 1889 758 ad

281 788 418 821 tertiam
429 781 635 827 sententiam
655 779 854 822 conformem
868 774 1024 821 inclufive
1041 798 1050 814 ,
1067 773 1098 820 fi
1113 777 1154 808 ab
1171 775 1240 808 illis
1263 773 1433 819 adpellari
1459 777 1644 822 contigerit
1661 800 1668 813 ,
1703 772 1763 819 mfi
1786 784 1889 820 prop-

281 845 336 871 ter
352 832 518 879 defeflum
535 830 722 876 denegatae
731 825 888 872 justitiae
897 839 910 864 ·,
937 832 999 858 aut
1006 823 1132 870 justam
1150 832 1286 862 metum,
1303 831 1336 857 et
1353 832 1430 857 tunc
1449 826 1607 858 committi
1623 822 1741 858 debeat
1757 825 1794 858 in
1810 834 1892 869 par·

281 884 373 921 tibus
391 882 591 917 convicinis,
619 886 651 912 et
669 888 736 910 cum
756 878 930 919 causarum
951 872 1173 920 expreffione,
1208 884 1291 919 quae
1307 875 1409 906 etiam
1431 872 1473 907 de
1497 873 1567 907 illis
1582 874 1760 920 =legitime,
1787 873 1892 911 alias,

279 940 381 982 'quam
398 943 463 979 per
472 931 703 976 juramentum
731 936 839 958 coram
850 922 1025 970 judicibus
1049 935 1072 956 a
1091 921 1174 966 sede
1198 922 1371 968 apostolica
1393 921 1566 968 deputatis
1589 922 1735 969 constare
1759 920 1892 958 debeat.

284 984 373 1018 Tria
391 980 559 1014 habentur
577 976 610 1009 in
628 973 862 1011 concordatis,
890 983 977 1015 quae
1001 982 1071 1004 non
1092 969 1170 1004 sunt
1192 971 1226 1003 in
1257 970 1391 1003 decreto
1420 970 1602 1006 Baiileenfi.
1659 972 1815 1006 Primum
1833 971 1894 1005 im-

278 1031 429 1068 'medinte
448 1023 601 1072 subjeffis
615 1026 786 1058 Romanae
809 1020 881 1054 sedi
897 1019 1024 1065 triplex
1040 1019 1239 1053 conceditur
1255 1017 1420 1064 judicium
1438 1019 1473 1051 in
1500 1019 1673 1063 partibus,
1703 1018 1725 1053 fi
1744 1018 1894 1064 adpella-

277 1083 374 1120 'rint‚
403 1087 553 1122 quorum
571 1067 911 1116 unumquodque‘est
925 1080 987 1114 per
1002 1068 1132 1116 judices
1156 1066 1328 1112 delegatos
1357 1079 1376 1101 a
1398 1066 1569 1113 pontifice.
1621 1067 1795 1108 Secundo,
1823 1080 1894 1104 non

285 1128 501 1179 pei-mittitur
522 1120 682 1170 pontifici
699 1121 850 1157 retinere
868 1118 973 1154 ullam
990 1116 1141 1158 causam,
1170 1116 1224 1152 sed
1240 1115 1379 1162 jubetur
1395 1118 1430 1151 in
1458 1116 1534 1152 casu
1559 1115 1713 1153 defeci-us
1729 1116 1893 1164 justitiae„

286 1192 344 1217 aut
363 1189 489 1216 metus,
518 1176 570 1220 jus
589 1171 776 1208 convicinis
795 1167 965 1216 episcopis
991 1168 1155 1203 tribuere.
1209 1167 1334 1201 Tertio
1350 1169 1558 1212 pragmatica
1575 1167 1685 1215 jubet,
1713 1179 1749 1202 ut
1765 1167 1894 1214 judices

287 1228 433 1274 delegati
450 1225 485 1258 in
503 1223 688 1258 convicinis
703 1220 786 1253 locis
807 1220 905 1263 prius
923 1218 1118 1260 inquirant,
1146 1228 1230 1250 num
1249 1213 1403 1249 defeaus
1418 1215 1580 1262 justitiae,
1608 1228 1664 1251 aut
1683 1228 1795 1251 metus
1813 1216 1894 1262 legi⁴

288 1281 392 1316 timus
411 1274 447 1309 sit
463 1298 473 1311 ‚
499 1271 523 1306 fi
542 1270 706 1317 judicium
725 1268 912 1301 itereturin
931 1265 1095 1311 partibus
1151 1267 1260 1298 Porro
1280 1263 1391 1298 verbis
1409 1263 1516 1305 hisce,
1544 1267 1603 1313 qui
1621 1265 1897 1311 immediatejub-

294 1328 410 1364 ‘estun
438 1321 617 1368 episcopos
637 1315 883 1362 comprehendi
902 1315 1015 1349 nulluz
1049 1312 1184 1354 dubito,
1219 1313 1295 1347 licet
1321 1315 1532 1348 contrarium
1560 1313 1686 1349 adserat
1710 1313 1895 1350 parisiensis

280 1375 414 1413 ’ἆοέὶοτ
435 1370 570 1407 anobis
593 1367 764 1406 laudatus,
794 1365 851 1409 qui
871 1375 909 1398 ut
933 1363 1128 1398 sententiam
1156 1362 1247 1397 suam
1276 1362 1418 1406 probet,
1439 1365 1493 1403 'ait
1519 1364 1623 1397 vetari
1651 1376 1715 1408 per
1741 1363 1896 1400 eamdem

291 1428 401 1473 legem
413 1449 420 1463 ,
448 1433 490 1455 ne
509 1419 586 1464 quis
604 1414 723 1452 omilso
741 1415 856 1449 medio
874 1413 915 1448 ad
934 1412 1044 1448 sedem
1062 1411 1278 1458 apostolicam
1295 1421 1478 1455 provocem
1514 1412 1606 1446 unde
1616 1412 1801 1454 concludit,
1817 1426 1894 1457 eos,

293 1478 353 1522 qui
370 1475 427 1509 hic
445 1471 606 1505 dicuntur
623 1465 819 1502 immediate
838 1461 977 1511 subjesti
995 1462 1064 1497 sedi
1087 1459 1304 1506 apostolicae,
1333 1470 1401 1493 non
1429 1457 1491 1494 effe
1519 1460 1895 1510 quoivisepiscoposi,
1915 1492 1919 1493 ⁷

292 1526 348 1562 sed
367 1522 418 1558 vel
437 1533 513 1560 eos,
539 1519 598 1564 qui
618 1516 766 1561 exempti
783 1514 960 1554 dicuntur,
988 1512 1038 1546 vel
1055 1512 1218 1556 primates
1236 1519 1267 1543 et
1286 1509 1573 1555 metropolitanos
1589 1512 1785 1548 nonnullos.
1831 1515 1899 1548 Ve.

294 1588 372 1612 rum
392 1571 449 1607 ista
466 1569 550 1604 ratio
568 1576 638 1602 non
656 1564 845 1608 convincit3
873 1576 950 1598 nam
967 1574 1044 1596 cum
1071 1560 1123 1593 hic
1143 1570 1277 1594 vetatur
1293 1581 1303 1596 .
1331 1570 1371 1592 ne
1398 1557 1520 1596 omiss‘o
1549 1560 1663 1596 medio
1690 1573 1899 1608 provocetur

292 1625 334 1661 ad
354 1627 548 1659 Romanum
567 1614 782 1663 pontificem,
810 1614 922 1658 agitur
938 1612 977 1646 de
991 1608 1092 1645 causis
1109 1609 1323 1649 minoribus,
1349 1620 1420 1643 non
1447 1608 1490 1644 de
1515 1609 1722 1658 majoribuS‚
1749 1623 1834 1656 quae
1849 1624 1900 1648 re-

292 1672 346 1712 aa
361 1673 403 1709 ad
419 1665 620 1720 pontificem
646 1663 852 1701 deferuntur.

439 1772 499 1805 'Ut
518 1768 625 1814 igitur
643 1766 752 1801 dicam
772 1763 803 1798 id
816 1787 825 1803 ,
854 1758 948 1806 quod
969 1758 1093 1796 sentio,
1132 1769 1202 1793 non
1221 1755 1372 1794 existimo
1389 1770 1450 1805 per
1475 1757 1695 1795 Bafileensem
1712 1758 1902 1809 synodum,

298 1835 330 1858 et
346 1833 410 1868 per
429 1817 632 1854 concordata
660 1814 844 1851 restitutam
862 1807 963 1846 fuiss‘e
1002 1810 1137 1855 penitus
1155 1807 1302 1854 primam
1328 1807 1420 1843 illam
1437 1807 1682 1855 episcoporum
1700 1808 1903 1856 judirandoq

297 1885 377 1910 rum
396 1867 556 1906 formam.
609 1868 741 1901 Verum
760 1875 830 1898 non
848 1869 1037 1908 propterea
1056 1855 1260 1893 sanstionem
1276 1857 1467 1894 Basileenfis
1491 1858 1626 1894 concilii
1643 1858 1837 1906 improbo,
1853 1858 1903 1896 fe.

300 1924 346 1958 cit
366 1921 456 1955 enim
473 1919 527 1958 id,
557 1915 651 1962 quod
670 1926 750 1950 tunc
772 1909 938 1958 temporis
957 1909 1007 1944 illi
1024 1907 1163 1948 licebat,
1191 1919 1234 1941 ne
1251 1905 1373 1942 scilicet
1388 1908 1513 1955 judicia
1541 1907 1782 1954 episcoporum
1809 1920 1902 1946 extra

247 1982 250 1984 ’
299 1970 515 2020 provinciam
538 1974 770 2004 excurrerent,
799 1972 832 1997 et
850 1960 891 1995 ad
909 1958 1059 1995 tribunal
1081 1958 1190 1993 euriae
1205 1959 1374 1992 Romanae
1392 1957 1623 2000 deferrentur,
1645 1957 1701 1993 sed
1721 1969 1759 1993 ut
1773 1959 1808 1993 in
1823 1964 1908 2006 ‘pro-

302 2021 430 2057 vincia,
458 2028 514 2051 aut
534 2015 649 2050 saltem
676 2016 711 2049 in
736 2011 891 2047 finitimis
918 2009 1000 2044 locis
1026 2007 1268 2056 judicarentur,
1296 2017 1395 2052 atque
1420 2010 1464 2042 ita
1489 2006 1648 2054 pontifici
1666 2011 1846 2050 Romano,
1866 2021 1908 2046 tt

303 2072 375 2120 ejus
393 2068 505 2104 curiae
523 2064 680 2100 umbram
697 2073 827 2097 tantum
842 2058 1013 2106 potestatis
1031 2056 1193 2098 contulit,
1227 2068 1345 2092 revera
1373 2068 1484 2093 autem
1513 2057 1680 2105 episcopis
1706 2058 1908 2105 provinciae

306 2133 336 2157 et
355 2117 508 2155 finitimis
528 2126 665 2150 omnem
682 2113 825 2148 omnino
844 2108 1017 2158 judicandi
1032 2105 1227 2155 potestatem
1243 2105 1421 2143 commisit.

454 2218 499 2251 At
517 2225 584 2248 non
603 2213 648 2247 ita
666 2210 698 2246 se
717 2209 809 2257 gessit
827 2207 1010 2245 concilium
1027 2205 1269 2243 Tridentinum
1281 2231 1290 2245 ,
1318 2217 1395 2241 nam
1405 2203 1490 2240 illud
1502 2215 1640 2241 omnem
1663 2203 1804 2252 prorsus
1819 2203 1908 2252 judi*

307 2267 493 2306 undarum
510 2261 750 2312 episcoporum
767 2259 965 2337 potestatem
984 2255 1150 2326 episcopis
1178 2256 1251 2292 aliis
1267 2255 1411 2298 ademit,
1439 2266 1472 2291 ct
1488 2254 1553 2291 soli
1568 2253 1725 2302 pontifici
1749 2257 1906 2342 ἓξὲξ-πο
