1982 2739
303 240 370 271 230
521 225 592 261 DE
625 221 901 264 ANTIQUA
930 217 1243 254 ECCLESIAF.
1270 219 1601 258 DISCIPLINA

257 333 286 363 ι).
308 318 349 352 de
367 315 498 364 poenit.
550 314 687 348 Petrum
706 323 775 347 cum
799 310 890 350 dico,
918 308 1054 343 Petrum
1079 308 1222 348 nomino,
1260 309 1408 355 primum
1433 308 1684 358 discipulorum,
1721 313 1869 359 primum

253 376 405 404 vocatum
423 375 456 401 et
469 366 614 411 primum
635 361 856 397 obedientem.
1855 354 1857 356 '

401 415 558 458 Denique
584 411 676 457 quod
694 411 806 446 minus
825 408 864 443 ad
882 406 1099 455 propositum
1110 405 1200 447 facit,
1223 419 1242 442 a
1258 405 1433 442 nonnullis
1454 407 1578 444 dicitur
1597 411 1732 456 primus
1751 411 1870 446 Petrus

254 464 319 501 effe
336 464 535 502 constitutus
554 462 597 497 ob
615 461 772 496 eximiam
799 472 833 494 ιη
858 457 1031 492 Christum
1059 456 1277 497 charitatem,
1315 457 1360 490 ita
1383 457 1521 503 August.
1559 457 1716 495 sermone
1752 471 1805 504 ¹3-
1828 460 1870 494 de

255 516 367 551 verbis
390 513 534 550 domini.
587 513 706 546 Petrus
732 512 769 545 in
785 508 1003 557 apostolorum
1021 505 1140 540 ordine
1162 509 1309 552 primus,
1339 509 1377 540 in
1397 508 1520 552 Christi
1537 520 1647 543 amore
1668 509 1870 557 promptiffi-

254 578 334 601 mus.
388 563 538 611 Cyrillus
558 562 591 595 in
610 564 731 608 joann.
751 559 809 593 lib.
834 570 886 593 12.
905 569 979 602 cap.
1008 561 1063 597 64.
1093 555 1358 596 Praeveniebat‚
1389 557 1520 601 inquit,
1557 558 1676 593 Petrus
1704 559 1784 594 alio,
1815 572 1871 594 ar.

254 615 351 652 dore,
378 623 513 661 namque
532 610 655 656 Christi
669 611 851 657 praecipue
862 610 1006 653 fervens
1027 613 1060 639 et
1085 604 1129 639 ad
1144 606 1340 649 faciendum
1363 614 1395 640 et
1415 606 1460 641 ad
1485 606 1746 652 respondendum
1769 619 1873 654 para.

256 664 391 712 tzffimus
411 671 509 697 erat:
537 660 629 694 illius
655 671 763 705 porro
783 657 910 691 amoris
936 657 970 690 in
992 652 1165 689 Christum
1191 654 1295 690 multa
1322 666 1429 690 extant
1460 657 1494 690 in
1523 654 1700 703 scripturis
1722 656 1869 696 vestiunt,

249 726 335 759 quae
352 713 408 748 hic
426 721 692 747 commemorare
713 721 780 743 non
799 705 844 740 est
862 703 996 740 necesse.
1804 686 1824 704 ‘²

402 762 466 797 Sed
487 759 572 795 nihil
598 755 744 797 interest,
764 768 830 801 qua
846 757 975 790 ratione
992 764 1106 788 motus
1125 751 1276 787 Christus
1302 754 1439 788 Petrum
1459 755 1611 801 primum
1631 752 1869 800 apostolorum

252 810 481 852 constituerit,
510 807 632 844 sufficit
651 808 735 842 illud
755 816 845 840 extra
862 802 1124 839 controversiam
1145 800 1288 847 posuisse
1315 805 1454 838 Petrum
1479 805 1568 839 inter
1595 803 1768 850 apostolos
1793 806 1868 850 pri·

250 870 348 897 mum
365 862 479 896 locum
498 856 678 894 obtinuisse
698 858 834 889 vivente
856 851 1010 892 Christo,
1038 851 1144 894 idque
1161 862 1202 884 eo
1221 849 1426 887 instituente.
1469 856 1575 888 Nunc
1595 853 1743 889 breviter
1763 853 1871 889 osten-

252 912 298 947 do
318 910 415 946 illum
434 911 522 944 hunc
541 908 638 942 etiam
658 906 770 939 locum
790 901 866 948 post
883 902 954 948 ejus
973 910 1117 935 mortem
1134 897 1322 944 retinuiffe5
1350 900 1476 936 constat
1494 902 1530 936 id
1551 914 1589 936 ex
1606 899 1699 944 aens,
1716 902 1777 939 ubi
1795 915 1868 950 cap.

256 974 285 997 1.
306 966 623 996 commemorantur
642 966 758 988 omnes
778 949 944 998 apostoli,
973 961 1004 984 et
1021 950 1110 983 inter
1131 959 1188 982 eos
1210 948 1344 993 primus
1364 949 1710 994 nominaturPetrus;
1735 954 1870 998 primus

253 1012 301 1043 ibi
320 1020 467 1044 caeteros
486 1005 692 1049 alloquitur,
721 1013 751 1037 et
784 1000 867 1046 quid
886 999 926 1034 fit
944 997 1141 1034 faciendum
1168 995 1385 1043 praescribit:
1422 1000 1532 1046 capite
1565 997 1711 1036 secundo
1734 1013 1871 1048 prunus

253 1060 408 1093 omnium
427 1054 663 1104 apostolorum
683 1051 857 1088 Christum
875 1050 1069 1089 annuntiat,
1097 1058 1128 1081 et
1143 1047 1269 1081 iterum
1287 1058 1359 1094 cap.
1382 1060 1410 1092 3.
1432 1059 1464 1084 et
1492 1052 1535 1093 4.(
1552 1051 1715 1086 comitem
1740 1050 1869 1087 habens

253 1112 420 1157 Joannem
432 1133 439 1145 2
468 1105 559 1141 solus
578 1116 691 1139 tamen
711 1103 905 1137 orationem
928 1099 1044 1136 habet,
1072 1107 1103 1130 et
1119 1108 1187 1143 pro
1207 1094 1240 1131 se
1258 1108 1295 1130 ac
1313 1110 1381 1143 pro
1399 1097 1461 1134 isto
1479 1098 1672 1145 respondet.

402 1157 537 1191 Omitto
557 1152 719 1200 quasdam
737 1152 817 1186 alias
835 1149 1104 1195 praerogativas,
1124 1159 1204 1191 quas
1222 1145 1296 1181 fuse
1323 1147 1448 1194 digerit
1466 1148 1711 1188 Bellarminus‚
1740 1161 1816 1185 nam
1835 1162 1876 1186 ex

254 1206 323 1243 istis
340 1205 521 1242 nonnullae
537 1203 612 1240 sunt
631 1203 735 1250 gratis
761 1197 940 1240 confina,
967 1199 1051 1234 aliae
1077 1196 1164 1231 nihil
1191 1197 1335 1232 omnino
1364 1197 1406 1232 ad
1431 1200 1620 1244 primatum
1645 1200 1735 1234 Petri
1763 1201 1871 1245 perti-

255 1268 351 1296 nent:
379 1257 445 1290 hoc
462 1253 560 1289 facile
578 1252 655 1288 esset
677 1249 922 1289 demonstrare,
952 1247 1006 1282 sed
1026 1249 1061 1282 in
1080 1246 1133 1280 his
1157 1245 1336 1280 immorari
1361 1247 1488 1289 taedet,
1524 1260 1603 1284 cum
1639 1246 1869 1294 unusquisque

255 1307 400 1354 illarum·
410 1305 577 1340 levitatem
597 1300 698 1349 poffit
712 1299 766 1335 vel
783 1311 835 1334 eas
855 1294 1089 1354 percurrendo
1108 1292 1218 1329 statim
1232 1293 1435 1340 perspicere.

992 1432 1185 1482 911.ν

605 1523 703 1561 Petri
717 1523 892 1573 primatus
910 1533 953 1558 ex
968 1524 1113 1557 veterum
1131 1517 1323 1568 testimoniis
1339 1516 1517 1566 adseritur.

260 1619 481 1717 Quaestio
504 1629 596 1667 haec,
623 1637 740 1661 utrum
767 1625 921 1671 primum
940 1624 1030 1659 inter
1052 1621 1222 1669 apostolos
1239 1621 1351 1657 locum
1371 1624 1491 1657 Petrus
1513 1621 1685 1660 habuerit,
1713 1621 1871 1661 historica

384 1681 438 1722 est,
458 1677 636 1726 pntestque
653 1674 795 1721 probari
814 1668 887 1710 tum*
903 1673 1096 1719 aequalium
1113 1684 1187 1708 tum
1213 1671 1415 1718 supparium
1433 1670 1637 1718 scriptorum
1658 1669 1872 1709 testimonio.-

259 1735 301 1770 de
321 1735 379 1771 iis,
409 1731 466 1776 qui
485 1727 633 1776 ejusdem
651 1726 766 1760 aetatis
784 1723 860 1759 sunt
877 1724 944 1771 jam
966 1721 1043 1758 satis
1062 1720 1202 1759 digium,
1231 1722 1272 1756 de
1290 1720 1537 1768 posterioribus
1555 1721 1610 1757 hic
1629 1721 1820 1757 dicendum.

355 1785 487 1816 Verum
506 1777 592 1814 istud
613 1787 752 1820 quoque
769 1773 814 1809 est
832 1785 922 1809 extra
939 1785 1041 1808 omne
1061 1772 1217 1812 dubium,
1241 1782 1369 1806 veteres
1389 1783 1506 1807 omnes
1526 1769 1722 1807 existimasse
1731 1773 1872 1807 Petrum

261 1833 416 1868 omnium
441 1827 681 1876 apostolorum
707 1826 862 1871 primum
886 1821 1003 1863 fuisse,
1032 1821 1222 1857 innumeris
1249 1820 1285 1856 id
1310 1833 1397 1867 pene
1411 1820 1552 1857 illorum
1568 1820 1768 1857 testimoniis
1788 1832 1870 1867 pro·

259 1882 332 1918 bari
348 1879 468 1927 posset,
496 1877 609 1923 aliqua
626 1887 757 1910 tantum
778 1886 838 1909 nos
855 1886 893 1908 ex
912 1875 953 1907 iis
978 1871 1169 1919 selegimus.

357 1933 409 1966 De
427 1929 515 1963 Petri
532 1928 683 1973 primatu
701 1924 786 1960 nihil
803 1923 900 1970 apud
926 1922 1110 1970 justinum,
1135 1924 1322 1959 Irenaeum,
1352 1920 1570 1959 Clementem,
1599 1917 1868 1956 Alexandrinum

261 1993 292 2016 et
315 1980 400 2015 alios
420 1976 676 2022 antiquiffimos.
731 1975 835 2019 Apud
863 1972 1050 2018 Origenem
1071 1970 1214 2006 homilia
1233 1967 1374 2005 secunda
1394 1970 1435 2004 de
1464 1969 1599 2005 diversis
1618 1967 1771 2004 summus
1788 1981 1869 2015 apo-

260 2030 426 2065 stolorum
452 2039 564 2061 vertex
588 2023 797 2070 appellatur,
825 2034 856 2057 et
881 2023 916 2057 in
946 2022 1057 2068 capite
1081 2020 1170 2056 sexto
1194 2018 1353 2065 epistolae
1380 2020 1420 2054 ad
1438 2022 1621 2055 Romanos,
1675 2019 1793 2060 Petro,
1819 2019 1871 2054 in-

259 2082 352 2125 quit,
381 2089 448 2113 cum
464 2080 587 2120 summa
606 2085 720 2110 rerum
739 2073 780 2107 de
793 2071 967 2120 pascendis
984 2070 1100 2107 ovibus
1119 2068 1336 2110 traderetur,
1372 2079 1405 2104 et
1414 2071 1518 2117 super
1537 2072 1643 2115 ipsum
1662 2069 1756 2104 velut
1765 2071 1872 2115 super

259 2139 391 2177 petram
410 2125 626 2173 fundaretur
650 2122 781 2168 ecclefia.
835 2121 898 2156 Sed
922 2122 1099 2167 utriusque
1123 2119 1189 2154 loci
1206 2119 1396 2166 αὐτέγςοιφον
1415 2132 1484 2154 non
1502 2118 1684 2158 habemus,
1713 2126 1745 2151 et
1759 2115 1868 2153 verfio

260 2177 391 2214 Ruffini
407 2175 598 2211 innumeris
617 2171 783 2219 ejusmodi
802 2171 1035 2206 additionibus
1052 2169 1172 2205 scatere
1189 2168 1357 2204 creditur:
1384 2179 1416 2203 at
1442 2168 1625 2203 Clementis
1643 2165 1791 2211 Origene
1808 2179 1869 2207 an,-

262 2226 422 2273 tiquioris
438 2227 554 2261 locum
571 2220 674 2258 refert
693 2221 810 2257 Euseb.
866 2221 935 2267 Post
953 2221 1140 2266 servatoris
1158 2220 1321 2262 ascensum
1340 2219 1491 2258 Petrum,
1528 2214 1689 2258 Jacohum
1707 2224 1741 2250 et
1757 2216 1870 2257 Joan-

262 2291 333 2316 nem
343 2304 352 2321 ,
388 2276 538 2326 quamvis
556 2273 707 2310 dom-inus
726 2273 811 2320 ipsos
826 2273 970 2309 saeteris
984 2268 1211 2318 praetuliffet‚
1229 2279 1292 2303 non
1309 2266 1434 2302 idcirco
1451 2266 1493 2302 de
1505 2267 1616 2314 primo
1632 2266 1870 2350 Ιιοηοήέἕναι·

1794 2326 1817 2349 u

1971 1201 1982 1247 saux
1974 1171 1978 1177 α
1979 1135 1982 1141 .
1978 1106 1982 1111 .
1976 1051 1982 1076 „as
