1940 2728
278 208 351 248 462
480 202 551 237 DE
593 202 868 244 ANTIQVA
904 201 1216 235 ECCLESIAE
1258 203 1597 238 DISCIPLINA

229 294 319 327 Cum
344 292 436 326 enim
463 291 532 337 ejus
554 291 594 326 de
609 288 813 324 austeritate
830 285 1004 333 pontificis
1023 288 1151 324 decreta
1169 289 1385 325 adducuntur
1398 314 1405 328 ,
1432 303 1467 325 ea
1484 291 1577 327 velut
1594 304 1612 326 a
1631 290 1844 329 schismatico

229 352 399 377 conventu
420 339 508 375 fasta
528 339 721 376 exfibilant,
749 350 786 372 ea
806 350 904 377 vero,
933 349 1016 381 quae
1036 351 1098 383 per
1116 338 1328 374 transennam
1346 340 1528 375 concilium
1545 341 1652 382 dixit,
1680 342 1740 377 ubi
1758 344 1846 378 vide-

229 403 287 426 tur
315 389 515 425 nonnullam
542 388 601 423 fibi
629 390 664 423 in
691 387 890 433 temporalia
920 384 1155 422 aus-„toritatem
1182 388 1347 429 tribuere,
1376 391 1503 425 mirum
1525 391 1560 424 in
1582 389 1727 425 modum
1744 391 1847 426 extol·

227 440 312 476 lunt.
366 442 497 474 Verum
527 438 576 473 illi
600 437 669 472 duo
689 436 861 472 advertere
881 436 1085 478 debuissent,
1113 439 1265 483 primum
1288 436 1341 476 est,
1361 439 1546 474 concilium
1565 452 1634 474 non
1651 439 1772 475 habere
1789 454 1844 476 au-

228 488 423 525 {toritatem
443 488 527 536 juris
549 487 642 522 istius
658 485 719 521 fibi·
736 485 918 526 tribuendi,
947 485 1101 527 alterum,
1129 488 1312 522 concilium
1335 486 1429 533 saepe
1448 490 1492 523 ita
1510 488 1616 533 inqui,
1647 491 1725 532 quia
1743 502 1843 535 prae-

219 537 301 573 ‹sens
328 548 398 572 erat
424 538 611 583 imperator
637 535 892 582 sigismunduS,
919 537 977 579 qui
1004 548 1135 582 poterat
1152 549 1208 571 aut
1227 536 1304 571 suos
1318 562 1325 575 ‚
1354 548 1411 572 aut
1428 537 1580 572 ecclefiae
1598 537 1746 573 vassallos
1764 551 1844 574 con.

228 589 309 623 cilio
329 600 398 623 non
418 587 610 622 obedientes
633 586 754 631 poenis
773 584 841 620 istis
860 583 1041 626 muletam,
1072 585 1126 619 sed
1144 585 1272 631 singula
1291 586 1363 620 loca
1383 589 1603 621 excutiamus

329 635 473 671 Seffione
497 648 553 670 20.
582 637 616 669 in
643 635 865 669 Fredericum
896 634 1016 668 ducem
1043 633 1194 668 Austriae
1222 636 1302 668 haec
1329 634 1486 670 sententia
1506 636 1627 671 fertur.
1682 635 1842 672 Frederi.

228 698 299 722 cum
325 686 436 721 ducem
464 694 498 720 et
518 687 602 719 alios
616 683 808 730 praediHos
823 685 1002 729 requirant
1020 693 1052 718 et
1070 693 1240 724 moneant,
1269 696 1346 730 quos
1366 697 1423 720 nos
1441 689 1542 720 etiam
1559 695 1671 721 tenore
1687 687 1843 732 praesen-

226 739 314 771 tium
333 734 381 781 fic
407 736 611 780 requirimus
639 741 672 767 et
689 743 869 767 monemus,
897 732 1019 777 ipsique
1038 732 1216 766 Frederico
1235 733 1316 766 duci
1336 735 1370 767 in
1390 738 1523 769 virtute
1540 736 1675 778 sanHae
1689 733 1843 769 obedien-

227 787 318 824 tiae,
347 792 380 818 et
399 782 466 828 sub
491 782 736 818 anathematis,
765 779 965 825 sacrilegii,
1002 788 1034 813 et
1058 782 1267 825 privationis
1291 784 1434 815 omnium
1459 782 1615 817 bonorum
1633 783 1841 828 feudalium,

226 844 311 880 quae
330 832 371 867 ab
389 829 510 877 ecclesia
519 830 580 874 seu
600 829 742 874 imperio
763 825 912 863 obtinet,
940 836 973 862 et
994 827 1279 862 inhabilitationis
1289 832 1389 873 suae,
1419 838 1452 863 et
1462 829 1612 871 filiorum
1630 831 1843 874 masculorum

225 882 272 917 ad
283 879 496 917 obtinendum
513 886 580 912 tam
591 876 714 922 feuda,
726 887 820 923 quam
838 874 941 918 officia
950 885 983 911 et
998 875 1156 918 beneficia
1172 879 1273 923 usque
1291 878 1336 911 ad
1342 879 1521 923 secundam
1535 881 1788 926 generationem
1807 888 1842 914 et

226 933 360 967 lionoris
378 937 412 964 et
424 931 554 975 famae,
568 938 604 960 ac
622 926 858 960 communionis
884 927 922 959 in
938 925 1076 972 confiliis
1093 928 1296 972 principum,
1309 930 1367 974 qui
1385 929 1488 972 ipsum
1507 928 1721 962 Frede1·icum
1734 929 1841 973 juxta

228 979 489 1025 constitutionem
506 976 608 1011 divae
624 977 799 1010 memoriae
815 975 933 1008 Caroli
949 977 1063 1022 quarti
1083 983 1198 1009 contra
1218 976 1301 1010 tales
1311 977 1522 1023 facinorosos
1540 986 1572 1012 et
1575 978 1761 1025 sacrilegos
1770 977 1842 1011 edi.

226 1037 295 1064 tam
314 1026 426 1071 asede
444 1025 618 1073 apostolica
637 1025 867 1058 canonizatum
886 1033 918 1058 et
937 1022 1173 1069 approbatam,
1203 1033 1260 1059 etc.

326 1075 549 1122 RespondeO,
576 1074 642 1109 hoc
672 1073 748 1108 loco
777 1073 962 1107 concilium
984 1072 1080 1117 loqui
1097 1072 1139 1107 de
1160 1073 1255 1107 bonis
1275 1072 1465 1113 Frederim,
1494 1086 1579 1119 quae
1596 1073 1635 1109 ab
1658 1073 1788 1109 ecclesia
1806 1085 1838 1110 et

225 1126 375 1171 imperio
393 1123 564 1159 obtinebat
581 1124 617 1158 in
633 1120 796 1164 feudum
824 1132 857 1156 at
873 1119 1021 1157 fatemur
1041 1121 1205 1157 ecclesiam
1225 1122 1345 1157 habere
1363 1122 1558 1167 potestatem
1584 1123 1741 1168 priv'andi
1763 1122 1839 1159 feu-

226 1175 371 1210 datarios
400 1175 559 1209 dominos
585 1173 626 1208 iis
654 1172 771 1212 bonis,
799 1184 886 1216 quae
913 1171 953 1206 ab
983 1170 1055 1218 ipsa
1079 1173 1113 1206 in
1138 1171 1280 1206 feudum
1300 1170 1486 1218 poffident‚
1515 1186 1583 1207 non
1606 1184 1717 1206 tamen
1737 1172 1835 1209 habet

224 1225 317 1259 illam
343 1223 560 1270 potestatem,
590 1233 754 1268 quatenus
780 1220 910 1255 ecclesia
933 1219 996 1258 est,
1041 1220 1097 1255 seu
1121 1233 1284 1265 qnatenus
1313 1220 1473 1267 potestate
1499 1234 1530 1255 et
1562 1222 1726 1267 regimine
1751 1223 1838 1257 circa

225 1273 413 1319 spiritualia
441 1272 594 1319 praedita
620 1271 683 1312 est,
712 1269 766 1305 sed
794 1282 956 1314 quatenus
973 1270 1073 1308 habet
1091 1269 1305 1315 possessiones
1323 1283 1353 1306 et
1371 1271 1460 1305 bona
1481 1271 1700 1317 temporalia,
1728 1284 1747 1305 a
1764 1272 1837 1315 qui-

224 1322 288 1357 bus
307 1322 499 1366 dependent
516 1322 578 1354 alia
596 1321 702 1361 bona3
730 1330 992 1363 quantum·vero
1009 1318 1137 1365 {pegiat
1154 1319 1194 1354 ad
1214 1319 1312 1359 bona,
1343 1333 1429 1364 quae
1447 1322 1646 1355 Fredericus
1665 1319 1705 1352 ab
1727 1323 1838 1365 impe-

226 1373 280 1406 rio
301 1372 334 1404 in
357 1368 500 1404 feudum
517 1367 720 1413 possidebat:
748 1367 911 1400 sententia
930 1368 1010 1400 haec
1026 1369 1160 1401 concilii
1180 1367 1224 1400 est
1243 1380 1373 1401 tantum
1395 1367 1577 1407 directim,
1618 1379 1677 1401 nec
1693 1369 1762 1401 vim
1777 1368 1837 1402 ha-

227 1421 308 1454 bere
333 1429 483 1465 poterat,
498 1416 572 1451 *nisi
595 1416 635 1450 ab
662 1417 871 1461 imperatore
891 1413 1088 1449 confirmata
1111 1413 1239 1454 fuitset,
1266 1416 1338 1450 imo
1364 1426 1396 1448 et
1413 1427 1486 1449 ante
1505 1414 1642 1450 sancita:
1672 1416 1763 1450 unLe
1778 1417 1833 1458 ait,

224 1469 407 1504 concilium
427 1467 459 1501 se
477 1467 512 1500 id
532 1465 670 1500 statuere
684 1464 774 1511 juxta
790 1464 1063 1499 constitutionem
1081 1463 1195 1497 Caroli
1214 1465 1327 1506 quarti
1346 1465 1570 1506 imperatoris.

325 1517 496 1553 Secundus
513 1516 607 1550 locus
623 1513 777 1553 concilii,
804 1514 862 1557 qui
881 1513 935 1545 hic
953 1512 1105 1557 proferri
1121 1510 1220 1550 solet,
1248 1521 1334 1545 extat
1351 1509 1417 1546 seff.
1441 1523 1495 1555 39.
1512 1511 1555 1546 {ic
1573 1511 1681 1546 habet.
1717 1514 1836 1559 Cusus-

223 1579 355 1615 cumque
377 1566 500 1611 slatus,
525 1563 677 1611 gradus,
704 1571 764 1597 aut
788 1561 912 1606 etiamst
931 1562 1111 1606 imperiali,
1139 1561 1262 1608 regali,
1289 1569 1350 1594 etc.
1371 1562 1623 1609 praefulgeant
1643 1561 1830 1609 dignitate,
1854 1592 1857 1593 γ

223 1619 302 1651 illas
318 1627 438 1663 poenas
454 1617 522 1659 iplo
539 1613 636 1659 fufio
654 1615 840 1647 incurrant,
859 1622 942 1656 quae
961 1613 998 1645 in
1014 1610 1249 1656 constitutione
1266 1609 1442 1654 Bonifatii
1461 1611 1582 1651 efflavi,
1611 1621 1694 1658 quae
1710 1613 1835 1657 incipit

222 1665 357 1701 Felicis,
383 1666 597 1698 continentur
609 1686 617 1698 ,
646 1660 699 1694 sed
717 1661 752 1694 in
769 1672 805 1694 ea
824 1658 914 1693 bulla
929 1660 1079 1705 privatio
1099 1658 1272 1693 bonorum
1291 1669 1327 1692 ut
1342 1669 1451 1703 poena
1469 1656 1631 1694 statuitur.

320 1712 540 1758 Respondeo,
567 1709 843 1744 constitutionem
863 1706 1030 1744 Bonifacii
1050 1705 1159 1743 ostavi
1177 1708 1539 1743 excommunicationis
1559 1709 1735 1744 dumtaxat
1751 1719 1832 1754 poe-

221 1775 297 1799 nam
325 1762 465 1797 statuere
488 1763 522 1794 in
551 1772 626 1800 eos,
654 1771 803 1804 quorum
823 1771 925 1803 regna
942 1758 996 1792 vel
1019 1759 1164 1804 imperia
1185 1756 1225 1791 ab
1245 1755 1375 1790 ecclelia
1393 1769 1463 1791 non
1487 1757 1655 1803 pendent,
1683 1757 1761 1793 illos
1779 1770 1832 1793 ve-

220 1826 261 1848 ro
279 1812 356 1848 solis
375 1811 474 1846 bonis
493 1811 627 1856 privare
639 1834 647 1846 ‚
674 1810 733 1853 qui
751 1806 903 1842 ecclesiae
919 1804 1101 1843 feudatarii
1119 1805 1195 1841 sunt
1215 1805 1303 1852 iuxta
1320 1806 1400 1840 haec
1415 1805 1535 1841 verba:
1571 1807 1644 1850 Qui
1657 1809 1831 1853 ver-oseu-

219 1864 282 1903 da,
310 1864 504 1901 locationes,
532 1859 672 1904 officium
690 1867 749 1893 aut
769 1857 962 1900 beneficium
976 1858 1166 1905 spirituale
1185 1857 1236 1891 vel
1251 1856 1450 1902 temporale,
1481 1855 1523 1891 ab
1545 1854 1712 1904 aliquibus
1731 1856 1830 1891 eccle-

210 1912 271 1959 stis
289 1911 435 1949 obtinet,
454 1909 501 1956 stt
518 1912 563 1943 eis
582 1910 742 1954 ipsojure
755 1910 924 1952 privatus.

317 1960 448 1994 Deinde
472 1959 506 1992 in
532 1957 645 1991 eadem
670 1956 787 1991 Felicis
808 1955 912 1996 bulla,
940 1967 1024 2000 quae
1041 1953 1128 1989 edita
1147 1953 1191 1989 est
1209 1965 1323 1989 eontra
1343 1950 1576 1989 interferres
1594 1953 1825 1996 cardinalium.

219 2009 388 2055 plurimae
405 2007 632 2041 decernuntur
650 2018 796 2051 poenae,
825 2017 911 2050 quae
929 2017 1023 2049 reges
1044 2015 1100 2038 aut
1129 2005 1351 2050 imperatores
1373 2001 1523 2050 speaare
1540 2003 1726 2038 nullatenus
1746 2003 1826 2050 pos.

216 2059 301 2094 sunt.
357 2058 471 2091 Primo
498 2058 587 2088 enim
612 2056 839 2089 decernuntur
869 2065 997 2100 poenae
1024 2053 1155 2092 civiles,
1185 2063 1266 2098 puta
1292 2052 1570 2087 inhabilitationis
1592 2052 1633 2087 ad
1650 2051 1823 2088 succeden-

217 2108 318 2144 dum,
344 2106 385 2140 ad
411 2105 614 2144 testandum,
642 2115 700 2138 ete.
753 2106 794 2138 Et
820 2104 880 2138 hae
905 2103 1041 2148 quidem
1065 2101 1215 2148 spestant
1235 2113 1361 2136 tantum
1381 2103 1572 2137 communis
1592 2100 1690 2136 sortis
1710 2101 1821 2136 homi-

216 2170 284 2192 nes.
339 2154 470 2191 Deinde
491 2151 686 2188 inferuntur
701 2165 829 2199 poenae
840 2153 1205 2190 excommunicationis,
1224 2163 1255 2185 et
1275 2151 1334 2185 hae
1352 2151 1391 2186 ad
1412 2151 1529 2197 plures
1548 2147 1704 2197 speEhnt.
1732 2152 1820 2185 Ter-

218 2208 276 2245 tio,
305 2206 346 2241 de
365 2203 562 2239 feudatariis
588 2204 789 2237 nominatim
808 2215 918 2249 poena
935 2201 1158 2249 depositionis
1175 2198 1340 2237 statuitur.
1393 2204 1537 2235 nemum
1556 2198 1716 2235 omnibus
1733 2211 1819 2244 pon·

217 2253 297 2291 tifex
327 2255 389 2290 Dei
415 2253 579 2301 judicium
604 2254 854 2290 interminatur.
908 2253 998 2289 Cum
1027 2262 1110 2300 ergo
1134 2251 1171 2287 in
1192 2249 1432 2288 constantiensi
1447 2248 1593 2288 concilio
1612 2245 1818 2293 infliguntur

1625 2307 1765 2346 poenae,
