2022 2733
320 202 826 253 mstERTATioNES
862 207 1227 244 HISTORICAE.
1254 211 1412 245 Drssm.
1441 211 1487 247 11.
1590 200 1664 263 ᾖς·

89 294 210 340 fuerit
226 296 438 342 cognitorum
454 296 501 331 ad
516 296 652 329 concilia
668 296 753 339 suae
767 298 982 342 provinciae,
1011 298 1066 331 vel
1080 300 1182 333 etiam
1199 301 1391 347 universale
1409 316 1601 349 provocare.
1637 302 1711 349 Nfi

89 344 185 388 forte
204 347 374 392 quisquam
394 345 446 391 est,
456 347 515 393 qui
535 345 653 378 credat
667 347 847 392 unicuique
861 345 952 393 pcffe
969 345 1078 381 Deum
1098 349 1241 392 nostrum
1259 355 1420 387 examinis
1437 356 1606 400 inspirare
1609 353 1711 400 justi-

89 393 190 432 tiam,
220 403 252 428 et
271 393 571 429 innumerabilibus
590 398 808 442 congregatis
827 397 865 429 in
880 397 1054 431 concilium
1066 398 1298 440 sacerdotibus
1317 392 1497 450 denegare.
1551 404 1624 438 Aut
1635 415 1709 450 quo-

89 440 182 476 modo
199 444 306 489 ipsum
321 445 586 488 transmarinum
596 443 766 489 judicium
784 452 895 478 ratum
914 446 1001 484 erit,
1030 447 1076 479 ad
1100 447 1190 494 quod
1214 448 1342 493 testium
1368 452 1571 498 neceffariae
1597 453 1709 500 perso·

89 501 172 528 nae,
198 494 253 526 vel
268 502 410 540 propter
426 496 545 538 sexus,
571 494 626 526 vel
639 500 784 539 propter
792 494 975 537 senec-lutis
994 493 1245 535 infirmitatem,
1273 501 1327 531 vel
1345 502 1457 535 multis
1467 504 1545 536 aliis
1565 500 1707 548 impedi-

51 550 55 553 “
87 542 210 576 mentis
226 542 350 577 adduci
365 555 430 578 non
444 550 619 589 poterunt.
671 542 762 575 Nam
777 551 815 575 ut
831 543 940 588 aliqui
957 549 1124 588 tamquam
1148 556 1167 577 a
1186 546 1376 586 sani-litatis
1393 557 1473 582 tuae
1499 552 1606 585 latere
1630 553 1708 584 mit<

86 598 224 630 tantur,
252 593 345 627 nulla
362 595 549 627 invenimus
562 600 699 637 patrum
708 589 838 636 synodo
858 590 1076 636 constitutum,
1102 595 1181 640 quia
1198 593 1296 632 illud,
1307 596 1394 643 quod
1401 597 1533 642 pridem
1547 611 1609 644 per
1626 611 1708 634 eun-

87 637 160 674 dem
179 641 362 687 episcopum
380 641 590 686 Faustinum,
616 649 784 687 tamquam
802 651 842 674 ex
854 648 956 687 parte
965 640 1111 676 Nicaeni
1131 643 1264 677 concilii
1283 645 1407 680 exinde
1425 647 1648 696 transmisistis
1669 650 1707 682 in

87 690 236 724 conciliis
251 689 454 727 verioribus,
465 701 548 737 quae
566 691 783 735 accipiuntur
798 689 944 724 Nicaeni
966 702 986 723 a
1001 690 1117 735 sanilo
1144 693 1272 738 Cyrillo
1298 698 1481 742 coepiscopo
1506 698 1611 744 nostro
1628 697 1708 732 Ale·

87 738 281 774 undrinae
297 739 451 786 ecclcfiae,
479 748 512 774 et
528 752 546 773 a
564 737 757 773 venerabili
775 739 890 774 Attico
904 739 1263 788 Constantinopolitano
1283 745 1436 789 antistite
1453 757 1496 780 ex
1511 747 1705 782 authentico

86 788 194 836 miffi's.
251 788 346 832 Quae
361 790 462 823 etiam
481 797 559 824 ante
575 788 631 822 lzoc
643 799 711 834 per
727 789 958 824 Innocentium
975 789 1226 837 presbyterum,
1255 800 1290 827 et
1306 793 1512 831 Marcellum
1526 795 1705 842 subdiaco-

86 841 182 878 num,
207 849 271 884 per
288 850 365 886 quos
381 838 426 873 ad
441 851 499 873 nos
518 837 559 873 ab
576 841 621 872 eis
640 837 769 872 dit-effa
780 840 865 883 sunt
881 837 1086 874 venerabilis
1102 844 1277 877 memoriae
1293 843 1475 890 Bonifacio
1485 847 1633 892 episcopo
1649 846 1706 882 de·

87 887 202 934 ceſjbri
220 887 324 934 vestro
341 900 361 922 a
379 886 470 923 nobis
486 887 683 934 transmiffa
695 889 797 932 sunt,
825 890 861 923 in
878 887 995 936 quibus
1015 890 1085 923 tale
1101 891 1235 939 aliquid
1248 904 1313 927 non
1335 897 1507 939 potuimus
1534 897 1703 942 reperire.

85 936 329 985 Exsequutores
346 939 446 972 etiam
465 938 596 972 clericos
608 937 730 984 vestros
747 936 928 985 quibusque
940 938 1134 984 petentibus
1153 942 1257 976 nolite
1274 944 1421 981 mittere,
1432 946 1535 980 nolite
1551 944 1706 981 concede-

85 997 145 1026 re,
171 997 214 1021 ne
225 986 391 1032 fumosum
408 987 564 1032 typhum,
591 986 646 1020 lzoc
663 985 723 1030 est,
742 986 871 1031 fastum
886 987 1098 1022 ambitionem
1118 998 1151 1023 et
1159 989 1355 1035 superbiam
1368 993 1514 1036 saeculi,
1548 996 1585 1028 in
1604 995 1704 1029 eccle-

78 1034 162 1082 ,ματη
176 1034 320 1080 Christi,
333 1045 430 1118 ‘fuae
446 1036 552 1069 *lucem
561 1033 790 1080 simplicitatis
807 1042 840 1068 et
858 1035 1060 1069 humilitatis
1076 1036 1182 1074 diem,
1208 1038 1318 1072 Deum
1338 1040 1456 1076 videre
1480 1042 1702 1088 cupientibus,

84 1086 264 1131 praefert,
292 1085 330 1117 vi
357 1095 470 1118 eamur
488 1083 669 1126 inducere,·
699 1094 774 1116 nam
791 1082 832 1117 de
850 1085 969 1127 fratre
987 1084 1093 1124 nostro
1113 1085 1270 1132 Faustino
1287 1098 1391 1123 amoto
1397 1091 1473 1135 jam
1479 1102 1543 1136 pro
1557 1092 1630 1136 suis
1646 1103 1702 1126 ne-

81 1134 206 1181 fandis
221 1134 382 1180 nequitiis
398 1131 439 1168 de
457 1133 581 1179 Christi
600 1131 724 1178 ecclefia
741 1131 880 1166 dolendo
899 1134 1049 1178 Apiario
1067 1135 1322 1180 securisumus,
1352 1139 1442 1185 quod
1455 1151 1527 1174 eum
1543 1139 1703 1186 probita-

87 1192 122 1219 te
139 1194 176 1216 ac
196 1181 427 1216 moderatione
442 1190 521 1215 tuae
529 1181 744 1225 sanflitatis,
763 1182 862 1223 salva
879 1184 1041 1224 fraterna
1061 1183 1228 1218 charitate
1245 1186 1372 1228 Africa
1401 1190 1540 1223 ulterius
1563 1192 1702 1224 minime

83 1233 262 1278 patiatur,
289 1239 321 1263 et
336 1229 398 1264 alia
416 1240 518 1263 manu
533 1228 626 1263 Deus
642 1227 749 1272 noster
761 1227 980 1269 sanci't'itatem
997 1229 1138 1272 vestram
1158 1242 1237 1264 aevo
1255 1233 1409 1279 longiore
1421 1248 1486 1278 pro
1498 1235 1590 1271 nobis
1600 1250 1702 1273 oran-

85 1289 149 1316 tem
173 1277 353 1322 custodiat,
404 1276 534 1312 domine
552 1278 679 1321 frater.
734 1274 905 1310 Prolixam
931 1276 1016 1311 hanc
1045 1276 1220 1322 epistolam
1244 1278 1301 1314 hic
1325 1280 1577 1319 describendam
1602 1285 1700 1328 duxi,

87 1330 168 1376 quia
183 1329 219 1364 in
237 1341 275 1363 ea
293 1326 378 1362 nihil
393 1325 450 1367 est,
468 1325 560 1371 quod
579 1337 647 1359 non
666 1323 767 1359 faciat
787 1325 821 1359 in
839 1324 1070 1371 propositum.
1282 1328 1291 1333 “

118 1411 121 1417 ,
234 1379 408 1417 Primum,
437 1389 478 1411 ex
495 1388 533 1411 ea
549 1374 673 1410 constat
692 1375 872 1419 Apiarium
892 1373 1080 1422 confugisse
1098 1375 1139 1410 ad
1158 1376 1405 1423 Coelestinum,
1434 1393 1466 1418 et
1482 1381 1523 1418 ab
1546 1395 1586 1419 eo
1605 1395 1701 1421 com-

83 1429 248 1465 munioni
267 1425 454 1463 restitutum
473 1438 547 1461 cum
570 1423 728 1459 Faustino
745 1425 780 1458 in
799 1423 948 1460 Africam
973 1424 1117 1461 rediisse.

235 1476 448 1514 Secundum,
475 1472 677 1510 Faustinum
694 1474 728 1506 in
746 1473 893 1509 concilio
910 1473 1157 1511 Africanorum
1179 1473 1411 1516 defensionem
1429 1480 1563 1529 Apiarii
1588 1479 1700 1516 fascea

85 1526 189 1576 pisse,
215 1539 246 1564 et
258 1525 413 1573 alleg-asse
429 1524 611 1571 privilegia
629 1521 778 1557 ecclesiae
797 1525 987 1566 Romanae,
1014 1537 1053 1562 ut
1067 1527 1144 1572 quia
1161 1524 1335 1563 restitutus
1351 1528 1463 1567 fuerat
1482 1532 1699 1568 communio-

84 1579 123 1613 ni
139 1591 159 1614 a
173 1575 387 1614 eodemne,
415 1576 515 1609 etiam
533 1574 567 1606 in
587 1569 704 1607 Africa
720 1571 963 1609 restitueretur.
1695 1570 1699 1572 ¹

90 1660 93 1661 γ
233 1626 413 1664 Tertium,
441 1621 624 1659 Africanos
642 1621 723 1656 haec
740 1621 918 1667 privilegia
936 1636 1006 1659 non
1024 1624 1203 1667 admisisse,
1231 1624 1288 1661 sed
1309 1640 1326 1662 e
1344 1640 1460 1665 contra
1476 1642 1542 1678 pro
1562 1628 1700 1677 injuriis

87 1673 235 1717 duxisse,
289 1687 322 1710 et
341 1674 520 1721 Apiarium
539 1673 650 1707 invito
669 1671 746 1708 licet
761 1670 921 1707 Faustino
947 1673 1143 1710 convistum
1169 1675 1344 1713 damnasse.

148 1748 150 1751 ’
186 1743 200 1786 J
236 1740 426 1783 Quartum,
456 1748 512 1771 eos
531 1736 565 1770 in
588 1734 651 1769 hoc
668 1733 814 1769 concilio
831 1746 944 1780 aperte
962 1747 1109 1771 mentem
1122 1735 1218 1773 'suam
1233 1739 1411 1775 declarasse
1425 1741 1602 1788 pontifici,
1630 1743 1697 1778 cir.

85 1800 122 1825 ea
138 1788 284 1835 capitula
301 1787 408 1822 adlata
425 1785 572 1822 Nicaeni
591 1785 734 1819 nomine
752 1784 904 1825 concilii,
940 1797 1090 1830 quorum
1113 1798 1222 1821 unum
1249 1801 1319 1824 erat
1345 1791 1386 1826 de
1413 1791 1696 1838 adpellationibus

85 1836 327 1885 episcoporum
339 1862 347 1878 ‚
374 1836 517 1871 alterum
538 1834 580 1869 de
597 1832 771 1881 confugiis
789 1833 1005 1878 clericorum,
1040 1846 1074 1871 et
1100 1835 1306 1873 denuntiasse
1333 1840 1490 1886 pontifici
1508 1853 1549 1876 ne
1566 1851 1699 1878 utrum-

82 1899 150 1934 que
174 1887 333 1934 deinceps
358 1883 434 1921 fieri
461 1894 643 1932 pateretur.

88 1985 90 1991 ,
234 1951 425 1994 Quintum,
452 1948 489 1984 id
506 1948 546 1984 ab
563 1948 604 1983 iis
622 1945 823 1994 probatum,
871 1946 987 1993 primo
1015 1959 1054 1982 ex
1078 1948 1222 1986 concilio
1238 1951 1413 1992 Nicaeno,
1448 1951 1570 1988 deinde
1594 1965 1632 1988 ex
1648 1952 1699 2000 jud

25 2011 39 2024 ’
87 1997 176 2038 'stitia
194 2010 226 2036 et
243 2003 423 2045 aequitate,
452 1999 531 2043 quia
549 1997 645 2033 debet
660 1997 731 2033 illic
748 1997 861 2032 audiri
877 1995 970 2032 causa
989 1997 1048 2033 ubi
1067 1998 1165 2034 testes
1184 2011 1215 2034 et
1231 1999 1439 2037 accusatores
1465 2002 1529 2037 effe
1545 2002 1696 2048 possunt.

89 2051 233 2092 Tertio,
257 2051 338 2095 quia
356 2047 517 2084 credibile
536 2047 581 2082 est
598 2047 836 2094 episcoporum
861 2046 1051 2082 multorum
1069 2047 1252 2095 judicium,
1289 2051 1322 2085 in
1348 2063 1419 2096 quo
1441 2051 1567 2088 adsunt
1583 2051 1697 2087 neces-

91 2099 193 2138 firiae
209 2099 385 2148 personae,
405 2097 536 2133 melius
555 2094 619 2132 esse
636 2109 672 2133 ac
688 2097 827 2142 aequius
840 2123 848 2137 ,
876 2108 977 2142 quam
995 2096 1162 2145 Judicium
1180 2101 1281 2135 unius
1302 2100 1475 2148 episcopi,
1511 2103 1570 2147 qui
1592 2102 1696 2148 longe

91 2149 188 2198 degat
203 2150 244 2186 ab
261 2151 302 2186 iis
320 2149 404 2184 locis
420 2147 480 2183 ubi
497 2146 686 2190 sumtestes
705 2158 737 2182 et
753 2145 968 2182 accusatores.

237 2216 386 2254 Sextum,
405 2223 476 2247 non
493 2210 600 2247 modo
609 2207 765 2246 Africani
781 2210 854 2255 pati
870 2208 903 2245 se
923 2221 992 2245 non
1009 2206 1104 2255 posse
1119 2209 1301 2247 adfirmant
1317 2212 1559 2259 adpellationes
1570 2210 1697 2258 episco-

91 2271 240 2309 porum,
265 2262 322 2299 sed
339 2275 379 2298 ne
395 2261 533 2310 quidem
549 2261 644 2297 aiunt
661 2258 694 2296 se
707 2258 862 2308 passuros
880 2258 959 2345 e'i're’
984 2270 1024 2295 ut
1039 2259 1140 2307 legati
1154 2262 1335 2299 mittantur
1356 2275 1374 2298 a
1387 2259 1570 2310 pontifice,
1606 2273 1696 2306 quo-

1556 2322 1649 2348 mam
