1961 2718
274 206 355 250 ¹360
509 198 578 233 na
602 198 873 242 ANTiotJA
909 194 1199 239 ECCLEjIAE
1234 172 1605 231 DtsclruNA'

235 300 336 333 reges
364 285 483 322 debent
512 283 663 320 ecclesiae
690 285 794 320 multa
822 285 885 320 alia
913 282 1121 319 eccleliastica
1144 284 1288 320 munia,
1341 282 1469 328 quibus
1498 282 1558 330 ipfi
1581 281 1768 326 fruuntur;
1795 282 1850 318 sed

238 351 278 371 en
304 337 365 372 tibi
383 345 594 382 argumenta,
624 334 750 379 quibus
777 335 810 369 id
839 331 1028 369 conficitur.

390 388 507 421 Primo
525 382 679 419 Christus
707 383 835 419 nullam
861 380 1011 417 ecclesiae
1038 379 1236 430 potestatem
1259 381 1405 416 contulit
1433 393 1673 428 praeterquam
1697 380 1855 428 spiritua-

237 437 327 477 lem,
354 447 417 471 nec
434 435 530 470 aliter
548 435 737 480 pertinaces
755 445 786 468 et
802 432 942 468 rebelles
963 432 1004 467 ab
1031 430 1161 467 ecclefia
1185 433 1304 477 puniri
1320 430 1427 478 justit,
1455 443 1556 475 quam
1586 442 1622 466 ut
1648 431 1783 476 indigni
1802 442 1854 465 ec-

240 485 354 520 elesiae
372 485 616 520 communione
635 483 889 523 declararentur,
914 482 1020 527 quod,
1039 481 1122 526 quid
1139 479 1189 520 fit,
1206 479 1279 515 fuse
1298 493 1390 515 antea
1408 481 1604 526 explicatum
1625 478 1681 515 est.

393 534 567 570 Secundo,
612 534 703 568 idem
724 532 877 568 Christus
904 532 1018 566 docuit
1045 543 1126 568 nos,
1165 530 1250 564 nihil
1280 531 1387 576 magis
1415 530 1599 565 abhorrere
1621 529 1663 564 ab
1690 527 1856 575 evangelii

240 596 354 621 mente
374 596 476 629 quam
497 584 687 617 dominium
707 596 738 617 et
759 583 947 628 imperium
968 593 1135 616 terrorem
1154 581 1328 614 incutiens.
1385 581 1473 614 Cum
1503 581 1594 614 enim
1620 578 1764 625 apostoli
1792 577 1856 612 vel-

240 637 310 671 lent
327 636 441 680 ignem
461 646 476 668 e
495 632 590 667 coelo
610 633 644 665 in
665 633 890 666 Samaritanos
912 630 1069 668 educere,
1099 631 1207 663 vetuit
1228 628 1382 664 Christus
1409 629 1490 663 haec
1513 629 1645 663 dicens:
1698 629 1857 674 Nescitis.

241 687 332 731 cujus
344 686 490 731 spiritus
509 682 598 730 estis,
619 681 717 724 filius
735 683 878 716 hominis
907 693 974 715 non
997 683 1092 715 venit
1117 682 1244 722 animas
1267 679 1434 725 perdere,
1454 678 1518 723 sed
1533 679 1683 723 salvare.
1709 681 1791 712 Luc.
1822 689 1852 721 9.

243 747 276 771 V.
309 746 360 771 ς’.

332 753 344 778 >
393 781 535 817 Tertio,
561 778 714 813 Christus
733 778 906 823 apostolos
922 776 1084 811 materiali
1104 776 1217 820 gladio
1244 777 1295 811 uti
1314 776 1517 821 prohibuit,
1545 776 1646 810 etiam
1671 775 1713 810 ad
1741 774 1856 810 defen-

243 832 388 869 dendam
406 831 626 874 religionem,
655 830 807 866 Petrum,
836 827 894 870 qui
916 826 1029 871 gladio
1055 824 1135 859 usus
1159 824 1288 865 fuerat,
1317 827 1465 869 graviter
1487 826 1688 869 increpavit:
1718 824 1759 859 sic
1787 837 1857 859 rem

243 892 383 918 uastant
400 877 615 922 evangelistae
626 876 816 910 Matthaeus
837 887 862 910 c.
884 879 941 909 26.
960 888 991 909 v.
1018 887 1072 918 25.
1102 876 1209 908 Lucas
1227 886 1252 907 c.
1275 886 1330 907 22.
1353 886 1383 907 v.
1403 886 1460 915 49.
1480 884 1512 906 et
1529 875 1676 919 Joannes
1694 885 1705 905 1
1718 880 1788 911 8.v.
1803 886 1857 907 10.

247 933 413 969 Videntes
430 936 539 962 autem
559 927 604 965 lii,
633 928 692 973 qui
707 928 795 960 circa
811 927 918 970 ipsum
938 933 1037 959 erant
1066 923 1262 966 (Christum
1279 935 1358 957 mox
1375 922 1602 968 capiendum)
1631 922 1793 957 dixerunt
1810 926 1859 957 ei.-

245 983 390 1019 Domine
405 977 428 1022 [ι’
444 978 649 1023 percutimus
665 977 701 1010 in
716 974 846 1022 gladio.
889 974 1005 1008 Simon
1023 985 1105 1022 ergo
1122 974 1242 1007 Petrus
1261 985 1344 1007 unus
1362 984 1401 1006 ex
1418 974 1548 1019 l1.is,qui
1564 981 1663 1006 erant
1679 984 1748 1006 cum
1767 972 1858 1016 Jesu.

246 1029 427 1066 extendens
449 1037 577 1060 manum
596 1027 719 1059 exemit
736 1023 896 1073 gladium
908 1025 1013 1069 suum,
1043 1032 1075 1058 et
1090 1024 1285 1069 percutiens
1294 1023 1430 1068 servum
1451 1023 1624 1068 principis
1637 1021 1858 1065 sacerdotum,

247 1079 442 1127 :imputavit
460 1075 645 1110 auriculam
663 1076 733 1121 ejus
753 1073 937 1113 dexteram,
965 1082 1042 1107 erat
1061 1080 1169 1107 autem
1189 1083 1302 1106 nomen
1316 1073 1413 1116 suum
1425 1071 1592 1106 Mali-ltus,
1644 1069 1860 1116 Respondent

248 1130 349 1172 Jelus
366 1129 433 1166 ait,
454 1124 555 1171 finite
586 1135 687 1172 usque
705 1125 786 1167 liuc3
814 1131 848 1158 et
865 1135 933 1158 cum
955 1121 1125 1170 tetigiffet
1142 1122 1327 1156 auriculam
1343 1122 1430 1166 ejus,
1457 1121 1607 1163 salvavit
1623 1130 1703 1154 eum.
1756 1118 1864 1154 Dixit

247 1191 332 1227 ergo
355 1177 455 1221 Jesus
476 1176 594 1210 Petro:
637 1176 732 1208 mitte
753 1172 908 1220 gladium
934 1182 1028 1207 tuum
1053 1174 1091 1206 in
1112 1173 1293 1219 vaginam,
1329 1167 1434 1205 ornnes
1458 1171 1562 1209 enim,
1590 1171 1649 1217 qui
1673 1171 1862 1215 acceperint

245 1228 419 1279 gladium,
444 1224 564 1272 gladio
580 1221 761 1270 peribunt:
789 1234 833 1256 an
847 1231 964 1268 putas,
991 1224 1069 1268 quia
1085 1233 1149 1255 non
1164 1220 1292 1266 possum
1314 1230 1440 1268 rogare
1455 1227 1587 1265 patrem
1605 1229 1727 1255 meum,
1754 1227 1788 1252 et
1806 1229 1863 1252 ex-

249 1275 378 1312 hibebit
393 1275 469 1321 plus
487 1284 583 1318 quam
600 1271 768 1306 duodecim
786 1272 935 1317 legiones
951 1271 1172 1317 angelorum?
1207 1272 1285 1311 Qua
1309 1282 1347 1302 ex
1366 1269 1555 1302 narratione
1580 1265 1863 1312 evangelistarum

251 1322 392 1362 constat,
420 1320 593 1355 Christum
613 1317 711 1352 diffls
729 1317 763 1351 'et
781 1318 936 1362 exemplo
953 1317 1014 1351 suo
1032 1315 1180 1351 docuisse
1207 1317 1356 1361 gladium
1375 1329 1445 1350 non
1465 1315 1526 1349 effe
1550 1316 1590 1348 ab
1613 1314 1748 1350 ecclesia
1770 1327 1863 1349 exer-

253 1373 379 1410 endum
406 1383 473 1417 pro
495 1369 678 1414 religione3
713 1378 816 1411 quare
828 1368 994 1411 Origenes
1013 1366 1047 1400 in
1065 1365 1155 1399 hunc
1175 1364 1289 1399 locum
1308 1364 1388 1399 haec
1406 1363 1578 1398 observat:
1631 1387 1651 1403 ,‚
1663 1363 1726 1398 Sed
1739 1375 1772 1398 et
1788 1363 1864 1398 fim-

253 1449 273 1465 ‚,
286 1423 438 1470 pliciter,
466 1421 601 1467 inquit,
627 1416 798 1452 audientes
818 1415 911 1460 quod
929 1415 1025 1455 dicit,
1063 1414 1122 1458 qui
1146 1415 1316 1459 accipiunt
1343 1413 1513 1459 gladium,
1542 1411 1655 1459 gladio
1681 1412 1863 1459 peribunt;

253 1483 399 1516 „cavere
419 1468 598 1508 debemus,
626 1479 667 1500 ne
684 1464 856 1501 occasione
873 1463 1022 1498 malitiae
1039 1473 1097 1496 aut
1117 1461 1285 1497 vindiaae
1313 1463 1534 1508 propriarum
1564 1462 1770 1508 injuriarum
1797 1464 1866 1497 exi·

254 1533 419 1566 „mamus
439 1517 600 1564 gladium,
624 1526 681 1550 aut
697 1514 740 1549 ob
759 1513 908 1557 aliquam
923 1510 1138 1550 occasionem,
1163 1523 1265 1555 quam
1283 1523 1421 1545 emnem
1440 1511 1630 1556 evangelica
1647 1511 1864 1547 abominatur

255 1572 362 1615 „haec
372 1566 495 1604 Christi
516 1564 681 1601 dogit-ina,
709 1563 934 1609 praecipiens,
962 1573 998 1595 ut
1014 1561 1218 1606 impleamus
1238 1560 1283 1601 id,
1311 1560 1407 1604 quod
1426 1558 1588 1605 scriptum
1613 1558 1676 1593 est:
1703 1573 1781 1596 cum
1800 1562 1864 1603 his.

255 1647 276 1664 ,‚
291 1622 351 1665 qui
374 1618 519 1653 oderunt
536 1626 672 1660 pacem,
702 1625 794 1648 eram
819 1609 987 1658 pacificus.
1040 1611 1073 1644 Si
1093 1622 1175 1655 ergo
1198 1622 1274 1644 cum
1297 1610 1378 1644 odio
1405 1609 1606 1644 habentibus
1631 1621 1750 1654 pacem
1770 1610 1867 1646 debe·

256 1682 364 1712 „mus
384 1665 445 1703 effe
462 1662 613 1712 pacifici,
642 1661 800 1697 adversus
819 1662 990 1696 neminem
1007 1658 1120 1705 gladio
1137 1660 1187 1693 uti
1205 1658 1379 1694 debemus:
1421 1669 1453 1692 et
1471 1658 1576 1704 paulo
1593 1670 1688 1694 antea
1705 1658 1863 1706 pacificos

257 1719 359 1759 „vult
382 1714 442 1752 esse
463 1711 616 1750 Christus
635 1712 818 1758 discipulos
837 1710 935 1747 suos,
963 1721 1000 1745 ut
1018 1708 1178 1743 bellicum
1196 1707 1348 1754 gladium
1369 1708 1457 1743 hunc
1473 1707 1692 1754 deponentes,
1720 1709 1866 1745 alterum

257 1767 466 1817 „pacificum
486 1765 652 1809 accipiant
674 1762 843 1808 gladium,
871 1772 973 1805 quem
995 1759 1075 1794 dicit
1095 1756 1260 1803 scriptura
1279 1757 1432 1804 gladium
1450 1756 1630 1804 spiritusf‘

411 1818 543 1858 Quarto
555 1840 562 1852 ,
591 1809 695 1847 sanCti
712 1821 824 1858 patres
845 1810 997 1844 unanimi
1017 1807 1179 1843 consentu
1196 1806 1333 1848 docent,
1360 1806 1529 1842 eeclesiam
1547 1818 1660 1842 carere
1677 1805 1774 1842 omni
1795 1805 1865 1852 gla-

258 1869 314 1903 dio
338 1864 501 1905 materiali
520 1863 577 1898 seu
593 1859 755 1909 potestate
771 1860 862 1895 civili
879 1859 918 1893 ad
936 1859 1092 1894 homines
1107 1856 1277 1903 cogendos
1296 1866 1328 1890 et
1346 1856 1551 1903 puniendos,
1578 1868 1638 1891 nec
1655 1855 1749 1891 aliud
1768 1855 1865 1900 quid-

259 1929 360 1963 quam
377 1913 466 1962 posse
483 1925 585 1958 quam
602 1912 750 1951 hortari,
778 1922 919 1944 monere
942 1920 973 1944 et
999 1905 1289 1942 excommunicare
1306 1918 1380 1948 eos,
1407 1907 1466 1951 qui
1493 1905 1551 1941 sibi
1570 1905 1693 1941 nolunt
1713 1904 1866 1946 obedire.

259 1978 366 2003 canon
386 1961 592 2010 apostolicus
611 1965 669 1997 26.
688 1963 872 2008 eptycopum
891 1961 949 2005 qui
961 1957 1079 2000 fideles
1093 1957 1315 2004 delinquentes
1331 1958 1385 1990 vel
1409 1954 1561 1997 infideles
1586 1957 1754 2002 injuriam
1773 1957 1866 2002 infe-

260 2024 372 2052 rentes
388 2014 555 2059 pcrcutit,
581 2019 614 2045 et
633 2017 796 2046 terrorem
816 2008 888 2054 ipsis
902 2016 1047 2054 propter·
1065 2004 1253 2053 hujusmodi
1270 2006 1344 2040 vult
1369 2008 1526 2042 incutere,
1553 2005 1675 2052 deponi
1695 2006 1867 2051 praecipi-

261 2075 353 2108 mus;
382 2073 539 2107 nusquam
559 2061 644 2094 enim
662 2058 809 2093 dominus
827 2057 883 2091 lzoc
900 2069 955 2092 nos
974 2057 1104 2092 docuit,
1130 2058 1192 2090 imo
1209 2065 1290 2088 vero
1311 2064 1428 2090 contra
1447 2067 1518 2090 cum
1535 2055 1604 2101 ipse
1616 2060 1866 2101 percuteretur.

260 2126 329 2152 non
345 2108 574 2159 percutiebat,
601 2120 671 2142 cum
691 2106 903 2152 lactfferetur
924 2107 1096 2145 convitiis,
1122 2116 1188 2139 non
1214 2102 1393 2150 reget-ebat
1414 2106 1615 2144 convitium,
1641 2114 1710 2137 cum
1730 2110 1869 2148 patere-

261 2175 331 2203 tur,
359 2173 423 2196 non
442 2155 710 2194 comminabatur.
764 2154 898 2190 Tertul.
918 2157 952 2189 in
972 2154 1030 2190 lib.
1052 2152 1093 2188 ad
1109 2152 1296 2198 Scapulam.
1348 2153 1427 2187 Non
1442 2153 1503 2197 est,
1530 2152 1661 2196 inquit.
1687 2152 1869 2199 religionis

264 2222 382 2261 cogere
398 2210 606 2256 religionem.
661 2204 723 2240 Cui
742 2202 913 2244 succinens
932 2202 1124 2239 Lafilantius
1141 2201 1198 2237 lib.
1223 2213 1251 2245 5.
1270 2200 1463 2236 divinarum
1480 2200 1750 2236 institutionum:
1786 2200 1866 2236 Non

262 2264 323 2307 est,
352 2260 481 2304 inquit,
509 2268 591 2304 opus
609 2257 646 2290 vi
664 2264 696 2291 et
715 2256 864 2301 injuria,
891 2257 971 2304 quia
989 2254 1113 2301 religio
1132 2253 1206 2300 cogi
1221 2263 1284 2286 non
1308 2250 1413 2300 potest
1441 2277 1449 2286 .
1476 2276 1485 2296 2
1510 2275 1522 2297 ἒ
1549 2277 1558 2287 .
1586 2247 1802 2299 defendenda
1823 2240 1868 2296 est

1943 352 1961 630 -m'ssn-m‘
1940 368 1942 370 ¹
1949 345 1961 352 z
1928 230 1961 333 :Mc-'2
1959 191 1961 195 Α
1947 167 1949 171 ·

1934 860 1941 861 1

1952 839 1961 908 ..ι-ς-
1953 782 1961 823 .-,‹·
1954 758 1961 771 .-.
1955 733 1961 747 .-

1956 1507 1961 1520 -
1956 1461 1961 1492 ,ι
1956 1423 1961 1443 ,.
1957 1379 1961 1407 Α,
1953 1043 1961 1358 .Λῌ».-“μ..Α,-««....ψ
1958 999 1961 1024 .,
