1961 2718
303 218 372 249 402
513 190 621 237 ‘nr
646 196 924 240 ANTJQUA
952 193 1239 229 ECCLESIAE
1267 192 1605 230 DlSCtPLlNA

252 295 351 329 ctiam
373 292 509 338 regibus
527 288 588 324 sub
605 300 713 335 poena
727 284 923 322 retentionis
941 293 1175 330 peecatorum,
1204 292 1241 316 ut
1257 279 1407 315 remedia
1423 304 1432 320 ,
1474 293 1560 326 quae
1589 284 1631 318 ad
1661 294 1696 316 ea
1723 280 1870 317 sanmudu

254 341 428 378 necessaria
445 338 507 375 ess'e
526 339 702 376 duxerint;
727 335 916 372 adhibeant.
967 331 1196 368 Necessariam
1229 341 1342 372 autem
1366 328 1506 375 putabat
1524 331 1725 367 Ambrosius
1757 331 1868 377 legem

254 394 291 428 in
311 391 500 427 remedium
518 386 650 424 furoris
667 384 882 433 imperatoris
903 393 1043 418 necnon
1064 381 1105 416 ad
1123 379 1354 416 conversionis
1370 379 1561 419 indicium,
1579 393 1792 428 quapropter
1807 393 1871 427 po-

257 443 324 479 tuit
340 443 370 477 ei
389 440 448 476 sub
468 451 578 486 poena
594 436 816 473 absolutionis
835 446 903 469 non
931 429 1186 476 consequendae
1212 431 1400 476 imperare,
1425 441 1466 465 ut
1489 429 1601 476 legem
1626 430 1721 466 istam
1746 427 1870 471 ferret,

257 504 336 526 cum
355 489 551 536 praesertim
571 500 659 523 nova
677 499 746 522 non
764 484 858 522 esset,
885 482 940 518 sed
959 493 1051 518 antea
1070 479 1308 527 promulgata,
1336 491 1369 514 at
1388 480 1550 525 imperite
1574 480 1654 514 inde
1673 477 1870 520 inferretur,

255 541 358 576 licere
375 537 592 586 pontificibus
612 537 771 572 mandare
788 533 924 580 regibus
945 529 1106 566 omnibus
1136 529 1205 565 {ine
1226 529 1346 565 ordine
1379 530 1420 564 ad
1449 531 1712 575 poenitentiam,
1757 541 1794 565 ut
1813 530 1871 564 has

255 590 310 624 vel
330 589 402 623 illas
420 589 508 634 leges
525 587 638 621 civiles
657 584 787 625 ferant,
815 595 845 618 et
866 581 924 616 nisi
942 581 1145 627 paruerint,
1177 592 1234 614 eos
1258 591 1324 614 non
1351 591 1483 614 tantum
1514 579 1873 615 excommunicationi-

255 639 320 675 bus
339 636 501 684 pli-Here,
531 635 585 671 sed
606 647 637 669 et
654 632 817 679 regnandi
835 632 910 679 jure
926 632 1079 676 privatos
1108 629 1297 664 decernere.
1348 628 1455 663 Mitto
1475 654 1482 669 ‚
1520 629 1612 673 quod
1644 639 1756 664 totum
1786 627 1873 664 istu'd

258 688 450 734 exemplum
474 683 680 723 Theodosii,
711 684 731 717 li
753 682 835 727 quid
853 680 1033 727 probaret,
1059 678 1222 724 probaret
1240 678 1333 714 sane,
1370 677 1551 725 episcopos
1579 691 1700 715 omues
1724 677 1762 715 id
1786 678 1874 727 juris

258 739 296 775 in
315 750 410 785 reges
428 735 568 779 habere,
597 733 693 780 quod
711 732 852 768 curiales
872 730 1019 766 Romani
1039 729 1165 774 procul
1184 727 1290 763 dubio
1309 727 1454 763 nollent.

606 904 664 942 De
684 902 867 953 privilegio
894 899 1184 951 Sammedardenfi
1209 898 1346 950 aliisque
1363 898 1542 951 similibus.

259 1010 384 1106 Post
409 1015 599 1054 Theodosii
617 1027 776 1061 tempora
794 1013 928 1049 nullum
946 1014 1123 1058 antiquius
1141 1023 1405 1047 monumentum
1417 1011 1544 1047 habent
1562 1010 1763 1050 adversarii,
1783 1010 1877 1057 quod

359 1079 558 1116 opponant,
590 1078 689 1112 quam
707 1063 948 1111 privilegium,
976 1063 1070 1107 quod
1097 1075 1116 1097 a
1142 1064 1174 1098 S.
1200 1061 1377 1106 Gregorio
1401 1062 1516 1107 primo
1543 1060 1745 1098 monasterio
1772 1059 1876 1095 sanffi

259 1119 422 1159 Medardi
442 1117 615 1152 indultum
635 1114 697 1150 effe
714 1114 852 1149 dicitur.
905 1115 1000 1148 Nam
1027 1112 1413 1147 excommunicationem
1443 1111 1579 1147 Arcadii
1601 1112 1817 1158 imperatoris
1844 1122 1876 1145 et

259 1170 434 1206 Eudoxiae
451 1168 492 1202 ab
510 1167 710 1201 Innocentio
731 1166 756 1198 l.
768 1189 776 1203 ,
803 1175 905 1208 quam
925 1160 1084 1196 nonnulli
1103 1160 1325 1208 opponebant
1342 1173 1381 1195 ex
1397 1161 1606 1207 Nicephoro
1624 1161 1682 1196 lib.
1711 1174 1763 1206 13.
1775 1172 1801 1194 c.
1819 1171 1874 1204 34.

239 1219 526 1259 *commentitiam
543 1216 603 1250 effe
628 1215 694 1262 jam
718 1211 845 1249 constat
862 1211 954 1257 apud
981 1223 1121 1252 omneS,
1157 1212 1270 1254 itaque
1295 1210 1355 1245 hac
1374 1209 1467 1245 missa
1493 1211 1535 1245 de
1555 1211 1741 1257 privilegio
1770 1206 1876 1244 sensti

237 1276 241 1287 *
260 1268 424 1304 Medardi
440 1266 589 1300 breviter
605 1265 766 1298 dicemus.
819 1264 858 1297 ln
876 1274 915 1295 eo
926 1260 1004 1306 post
1019 1261 1123 1295 multa
1143 1272 1174 1295 et
1191 1260 1456 1295 extraordinaria
1471 1261 1655 1305 privilegia
1673 1259 1783 1294 abbati
1801 1271 1876 1293 rno-

262 1315 397 1351 nasterii
417 1312 720 1350 Sammedardenfis
739 1308 888 1345 conceisa
905 1310 939 1343 in
964 1321 1040 1346 eos,
1068 1311 1126 1353 qui
1142 1309 1199 1343 illa
1216 1309 1440 1346 violaverint,
1477 1310 1558 1344 haec
1584 1308 1827 1355 subjiciuntur,
1846 1306 1877 1353 fi

235 1367 335 1414 ²quis
356 1376 496 1411 regum,
522 1361 706 1400 antistitum
725 1383 735 1399 ,
761 1358 907 1401 judicum
932 1365 966 1391 et
997 1368 1270 1404 quarumcumque
1287 1358 1511 1400 saecularium
1532 1360 1750 1403 personarum
1777 1358 1878 1400 liuius

238 1423 241 1427 “
263 1414 455 1461 apostolicae
473 1413 671 1447 autoritatis
697 1417 729 1444 et
748 1407 880 1454 nostrae
894 1409 1138 1452 praeceptionis
1169 1405 1302 1441 decreta
1319 1407 1528 1441 violaverint
1548 1432 1558 1448 ‚
1601 1416 1634 1442 et
1654 1407 1877 1454 cujuscumque

263 1464 453 1513 dignitatis
477 1462 532 1496 vel
550 1457 836 1503 sublimitatisfit‚
862 1457 1057 1498 honoresue
1080 1457 1262 1500 privetur,
1287 1463 1347 1488 etc.

413 1509 633 1556 Respondeo‚
661 1505 882 1553 privilegium
898 1504 963 1537 hoc
981 1501 1041 1536 effe
1059 1501 1274 1536 subdititium
1293 1513 1323 1536 et
1339 1501 1381 1536 ab
1399 1501 1517 1546 aliquo
1536 1506 1724 1539 recentiore
1743 1505 1876 1549 Grego.

263 1563 317 1599 rio
334 1559 502 1599 αΗίίὶυιῃ,
528 1569 567 1593 ut
585 1555 773 1592 concedunt
788 1553 856 1600 jam
873 1551 997 1587 eruditi
1015 1563 1134 1585 omnes
1147 1562 1178 1585 et
1197 1549 1323 1585 inviae
1339 1551 1381 1586 ab
1397 1550 1623 1587 eruditissimo
1634 1555 1710 1588 viro
1721 1555 1876 1588 Launoio

264 1608 532 1646 demonstratum
550 1605 604 1642 est.
658 1606 774 1640 Primo
800 1602 890 1637 enim
916 1600 1030 1636 nullus
1056 1599 1101 1635 est
1124 1602 1204 1637 MS.
1230 1600 1336 1635 codex
1365 1600 1582 1647 epistolarum
1613 1601 1776 1647 Gregorii
1801 1615 1877 1637 ante

265 1662 468 1706 quingentos
486 1668 594 1692 annos
613 1655 743 1693 editus,
769 1651 829 1687 ubi
845 1650 1069 1697 privilegium
1085 1649 1380 1684 Sammedardense
1397 1662 1568 1687 occurrat,
1595 1653 1800 1686 recentiores
1820 1665 1875 1686 ve-

265 1723 305 1746 ro
322 1709 373 1743 vel
397 1707 480 1742 nulli
497 1706 546 1740 vel
566 1706 666 1752 pauci
688 1704 780 1740 sunt,
809 1702 869 1747 qui
888 1700 972 1735 illud
990 1697 1258 1746 repraesenten13
1287 1712 1356 1734 non
1374 1699 1499 1735 habent
1515 1700 1599 1735 illud
1621 1703 1719 1738 MSS.
1732 1700 1873 1743 codices,

264 1761 324 1805 qui
345 1757 551 1802 sequuntur,
578 1758 652 1790 MS.
667 1753 770 1790 codex
784 1749 976 1785 monasterii
995 1748 1100 1784 sancii
1119 1748 1275 1784 Audoeni
1291 1749 1569 1796 Rhotomagenfis
1595 1763 1625 1786 2.
1645 1753 1719 1786 MS.
1739 1752 1875 1785 Carme.

262 1809 401 1844 litarum
420 1804 666 1843 Parmensium,
696 1804 774 1837 item
786 1798 1028 1840 Cistercienfis,
1055 1800 1127 1834 MS.
1140 1797 1386 1840 Cluniacenfis,
1411 1799 1640 1836 corbeiensis,
1668 1797 1875 1834 Genefecen-

262 1858 323 1899 fis,
350 1855 523 1904 Lyrenlis‚
550 1850 800 1889 Mosciasenfis‚
827 1848 930 1884 1anffi
948 1849 1039 1884 Petri
1056 1847 1286 1887 carnotenfis,
1314 1848 1545 1889 Pratellenfis,
1581 1851 1612 1884 S.
1624 1848 1775 1894 Remigii
1786 1850 1873 1884 Rhe.

264 1906 405 1946 menfis‚
432 1905 537 1941 codex
557 1905 630 1939 MS.
649 1906 815 1937 Puteanus
842 1900 876 1934 in
897 1897 1102 1933 bibliotheca
1125 1899 1235 1943 regia,
1273 1897 1376 1931 codex
1401 1897 1626 1933 bibliothecae
1648 1897 1871 1940 Sorbonicae,

263 1956 395 1992 codices
415 1956 485 1990 duo
501 1956 598 1990 MSS.
621 1950 840 1987 bibliothecae
857 1948 1091 1988 Tellerianae,
1118 1947 1302 1983 codest.
1319 1947 1495 1982 Thuauae.
1548 1947 1691 1983 Codices
1707 1949 1872 1992 antiquio·

265 2018 316 2041 res
335 2006 435 2040 MSS.
456 2002 680 2038 bibliothecae
698 1998 914 2039 Vistorinae,
942 2010 1018 2032 nam
1041 1998 1075 2031 in
1101 1996 1166 2031 alio
1191 1997 1374 2031 recentiori
1398 1997 1524 2032 ibidem
1549 1998 1731 2044 reperitur.
1784 1999 1872 2032 Cum

263 2055 417 2102 primum
435 2065 514 2087 vero
534 2051 639 2085 codex
657 2049 712 2084 ille
730 2048 883 2084 Lutetiae
902 2047 1012 2082 editus
1033 2045 1078 2081 est
1094 2057 1182 2081 anno
1205 2053 1309 2089 1508.
1324 2070 1333 2086 ‚
1360 2046 1583 2092 privilegium
1601 2046 1686 2082 illud
1705 2047 1740 2080 in
1765 2046 1870 2081 archi.

264 2105 316 2139 vis
336 2099 686 2138 Sammedardensiurn
703 2098 744 2132 ad
763 2097 884 2132 calcem
904 2096 962 2131 lib.
986 2108 1018 2132 2.
1045 2106 1203 2139 tanquam
1225 2094 1370 2131 aliorum
1391 2107 1479 2140 opus
1505 2095 1551 2130 est
1575 2094 1737 2142 rejestum
1769 2107 1871 2140 atque

263 2154 355 2188 hunc
374 2151 488 2186 locum
507 2150 666 2188 retinuit,
695 2147 800 2182 donec
825 2148 953 2181 Romae
971 2145 1058 2180 edita
1084 2145 1160 2179 sunt
1184 2156 1287 2190 opera
1319 2144 1487 2190 Gregorii
1512 2144 1570 2180 sub
1593 2146 1685 2180 Sixto
1709 2145 1771 2181 ν..
1798 2157 1870 2191 quo

263 2213 419 2250 tempore
435 2200 476 2236 ad
492 2200 551 2236 lib.
571 2212 601 2235 2.
620 2201 681 2246 Ep.
699 2209 748 2232 ret
766 2206 895 2233 ›catum
914 2193 979 2234 est,
1005 2205 1037 2230 et
1052 2194 1142 2230 inter
1156 2195 1220 2241 Ep.
1241 2199 1297 2239 38.
1319 2205 1351 2229 et
1369 2205 1424 2239 39.
1448 2193 1697 2242 interpositum.

1641 2300 1797 2338 Secundo
1805 2324 1817 2343 ,
