1930 2718
267 202 337 242 '448
552 191 622 228 DE
648 189 924 232 ANTIQUA
950 185 1238 223 ECCLESIAE
1262 185 1597 224 DISCIPLINA

220 288 304 323 item
321 283 470 330 exempla
491 281 571 317 vide
588 278 682 326 apud
698 278 857 314 *eumdem
884 275 1098 311 Blondellum
1125 273 1265 309 ibidem.
1319 273 1412 317 Ergo
1432 285 1470 307 ex
1487 273 1548 309 hae
1572 273 1743 311 formula,
1769 284 1823 309 re·

221 347 352 392 guar-tre
366 332 517 390 .Chris²l⁰.’
545 329 702 386 usurpata
719 341 738 362 a
755 325 952 363 Mediavilla
970 337 1001 360 et
1025 324 1180 380 chronici
1199 321 1453 404 Sandionyligtni
1472 334 1589 406 autio‘rle
1609 323 1823 407 temporibus

221 381 529 481 ἷζῖἓὲἰὲιῗὲἒὶὲἷ
543 376 1383 470 ‘ss‘ssssssffizfflffi’g3¹3?„¹32⁰Essifii²r{}25„{‚ig”?8
1398 383 1644 466 iffa-1254,
1678 383 1826 468 νὶξέἱὶἷ

222 496 329 519 meum
344 493 407 517 mm
419 480 462 527 est
481 478 520 514 de
538 479 597 514 lzoc
614 477 743 512 mundo.
796 474 899 510 Unde
924 473 1011 508 nihil
1031 483 1134 513 vetat,
1162 471 1348 516 quominus
1373 470 1464 505 idem
1496 482 1756 506 monumentum
1773 471 1825 504 in-

221 532 407 569 scribatur,
443 536 611 576 regnante
629 526 754 571 Clzrtsto
772 534 805 560 et
830 533 997 572 regnante
1021 534 1104 571 rege
1121 523 1251 568 aliquo,
1280 530 1441 564 regnante
1464 516 1585 553 scilicet
1603 520 1638 553 in
1664 518 1823 554 cordibus

222 580 359 616 Christo
372 592 380 620 ;
392 578 443 613 vel
454 576 587 612 Christo
597 577 659 610 Dei
669 574 772 609 verbo
785 575 821 608 in
833 572 926 619 ipsos
937 584 1035 618 reges
1047 583 1192 616 regnum
1207 568 1395 606 obtinente,
1421 578 1451 603 et
1461 579 1540 614 rege
1549 580 1827 615 regnttempora-

225 631 267 666 lia
288 625 552 664 administrante.

371 676 531 719 Denique
549 683 587 708 ut
605 671 733 707 mittam
753 682 807 711 ea,
835 682 920 714 quae
937 682 954 704 a
973 666 1151 703 Bonifacio
1170 667 1291 703 offiavo
1311 668 1345 701 in
1363 666 1563 712 Philippum
1579 665 1776 705 Pulchrum,
1796 675 1827 699 et

223 741 290 775 pro
307 726 470 771 Philippo
489 736 507 757 a
523 721 632 757 Gallis
652 718 740 764 gesta
761 730 818 753 aut
840 719 963 764 scripta
981 718 1074 757 sunt,
1104 729 1189 760 quae
1207 717 1313 754 modo
1335 715 1441 750 fufius
1460 713 1622 755 referam,
1649 715 1758 762 Julius
1776 712 1827 748 se-

225 776 356 812 cundus
380 770 538 819 pontifex
559 766 768 803 mitiffimum
795 777 896 810 atque
921 768 1092 810 optimum
1118 766 1312 810 principem
1340 764 1554 798 Ludovicum
1580 763 1825 798 duodecimum

224 827 310 861 diris
329 824 493 858 devovere
512 830 542 852 et
554 817 761 851 anathemate
778 813 987 859 obstringere
1003 823 1141 848 conatus
1161 811 1216 846 est.
1269 812 1332 846 Sed
1351 812 1456 845 clerus
1477 811 1672 847 Gallicanus
1690 814 1724 847 in
1745 813 1824 846 civi-

227 886 293 910 tate
309 866 563 908 Turonenfium
588 872 810 909 congregatus
828 875 916 896 anno
943 874 1042 906 ¹5¹0
1069 861 1179 895 statuit
1200 872 1233 895 et
1251 861 1397 895 decrevit
1417 871 1530 905 regem
1550 872 1619 894 non
1645 861 1752 894 teneri
1777 860 1829 894 ul-

225 925 292 959 lam
312 921 432 956 habere
449 917 616 950 rationem
636 913 1024 948 excommunicationum
1047 921 1080 945 et
1099 909 1314 945 censurarum
1340 922 1358 943 a
1375 909 1468 957 Julio
1496 908 1639 943 secundo
1658 910 1764 944 autin
1786 907 1827 947 se.

224 984 282 1008 aut
298 972 332 1004 in
353 978 499 1013 regnum
515 965 656 999 latarum
677 972 734 996 aut
749 959 989 1001 ferendarum,
1015 973 1054 995 eo
1073 959 1168 1004 quod
1185 960 1259 1006 jure
1275 957 1351 1004 ipso
1370 959 1485 992 forent
1503 959 1626 993 irritae.

374 1019 554 1052 Caeterum
577 1026 616 1048 ex
643 1008 740 1046 distis
765 1010 952 1056 intelligere
977 1009 1092 1044 datur:
1130 1011 1246 1054 primo
1270 1011 1442 1043 Romanos
1463 1005 1640 1054 pontifices
1667 1004 1828 1042 non‘esse

225 1067 324 1105 ausos
344 1078 439 1112 reges
457 1063 585 1099 Galliae
605 1058 729 1096 diresse
753 1059 850 1095 bonis
869 1058 1114 1105 temporalibus
1143 1057 1303 1104 spoliare,
1331 1069 1362 1091 et
1381 1056 1546 1103 regnandi
1570 1057 1644 1104 jure
1669 1056 1827 1102 indignos

226 1117 470 1165 pronunciare,
498 1111 555 1147 sed
570 1111 673 1147 solam
694 1109 1078 1144 excommunicationem
1105 1108 1338 1142 interminatos
1364 1105 1434 1142 esse.
1487 1106 1641 1141 Secundo
1658 1108 1828 1141 neminem

224 1163 420 1202 existimasse
436 1175 498 1209 per
518 1158 902 1196 excommunicationem
923 1170 1019 1203 reges
1037 1169 1142 1202 regno
1161 1168 1217 1191 aut
1234 1156 1401 1202 regnandi
1419 1155 1492 1202 jure
1511 1156 1653 1201 privari.
1704 1156 1828 1190 Tertio

225 1216 355 1251 nullam
373 1211 777 1248 excommunicationum,
806 1220 887 1251 quas
907 1205 1085 1253 pontifices
1105 1207 1139 1240 in
1159 1219 1256 1252 reges
1285 1204 1416 1240 nostros
1441 1216 1498 1239 aut
1522 1204 1672 1239 tulerunt
1693 1216 1751 1240 aut
1774 1206 1827 1239 in-

225 1274 408 1303 tentarunt,
426 1262 596 1297 rationem
610 1258 758 1293 habitam
776 1256 854 1297 esse,
882 1269 1001 1301 easque
1019 1268 1085 1289 non
1099 1255 1204 1290 modo
1222 1268 1239 1289 a
1254 1254 1425 1302 judicibus
1444 1251 1687 1294 saecularibus,
1714 1253 1769 1289 sed
1797 1265 1830 1289 et

223 1327 243 1349 a
261 1311 444 1347 Gallicanis
457 1308 625 1355 episcopis
644 1318 818 1351 tamquam
835 1305 948 1341 irritas
969 1304 1120 1351 explosas
1145 1303 1279 1351 semper
1295 1302 1393 1339 fuisse
1411 1315 1443 1338 et
1467 1314 1716 1347 nonnunquam
1737 1302 1829 1338 ludi.

225 1362 303 1397 brio
340 1359 478 1394 habitas.

323 1409 457 1444 Primus
481 1404 637 1441 omnium
663 1399 856 1437 Bonifaeius
886 1401 1020 1436 videtur
1045 1412 1155 1447 aperte
1184 1400 1399 1435 autoritatem
1426 1400 1461 1434 in
1485 1399 1685 1445 temporalia
1703 1412 1827 1445 regum

225 1463 436 1497 Francorum
453 1455 542 1490 bona
561 1451 954 1498 Romanis‘pontificibus
973 1449 1149 1494 arrogasse.
1203 1449 1265 1482 Sed
1284 1450 1458 1483 temeraria
1478 1448 1580 1494 hujus
1594 1449 1827 1495 praesumptio

224 1522 243 1545 ί
262 1508 370 1545 Gallis
390 1504 511 1540 n0st1‘lS
532 1500 755 1547 reie&a=f11it.
784 1512 814 1534 et
830 1500 870 1533 ab
893 1498 971 1543 ipsis
989 1499 1059 1544 ejus
1082 1497 1321 1531 successoribus
1340 1496 1503 1531 damnata.
1519 1536 1524 1538 .
1567 1498 1718 1533 Primum
1735 1500 1827 1535 enim

223 1569 301 1594 cum
321 1557 393 1590 data
410 1553 499 1588 bulla
517 1548 714 1585 definivisset
735 1549 818 1582 nihil
837 1548 957 1581 tributi
975 1559 992 1579 a
1011 1546 1139 1580 clericis
1153 1546 1248 1590 exigi
1265 1544 1366 1591 posse,
1384 1557 1445 1579 nec
1462 1546 1501 1579 iis
1521 1544 1621 1580 licere
1640 1547 1827 1591 quidquam

225 1607 296 1652 regi
317 1605 462 1646 solvere,·
490 1598 669 1647 respondit
687 1609 747 1632 rex
765 1597 897 1632 Galliae
916 1597 1089 1642 Philippus
1109 1596 1257 1634 Pulcher,
1284 1594 1372 1641 quod
1386 1603 1561 1641 antequam
1588 1595 1689 1641 effent'
1703 1596 1826 1639 clerici,

222 1666 282 1690 rex
300 1654 461 1689 Franciae
485 1647 623 1684 habebat
646 1647 820 1692 custodiam
840 1648 942 1693 regni
959 1647 1034 1689 sui,
1064 1653 1096 1678 et
1117 1652 1254 1691 poterat
1270 1646 1389 1689 facere
1414 1644 1549 1688 statuta.
1604 1648 1654 1679 Ac
1678 1646 1827 1690 proinde

220 1704 361 1739 clericos
379 1700 485 1735 teneri
503 1696 642 1732 subsidia
659 1694 817 1741 praebere
833 1695 873 1728 ad
891 1691 1145 1729 defendendum
1164 1705 1318 1737 regnum,
1347 1704 1422 1727 cum
1442 1691 1638 1738 praesertim
1655 1693 1714 1740 ipsi
1733 1695 1827 1741 plus.

248 1765 323 1787 uam
344 1750 466 1786 caeteri
492 1747 664 1791 indigeant
690 1744 731 1779 ab
756 1742 868 1778 hostili
894 1742 1152 1788 impugnatione
1172 1740 1315 1777 defendi.
1378 1743 1473 1776 Huic
1491 1741 1704 1787 responsioni
1734 1744 1824 1790 regis

220 1799 347 1848 adjeffta
376 1798 420 1833 est
447 1795 645 1842 supplicatio
665 1794 754 1828 Petri
781 1791 995 1832 Rhemenlis,
1040 1803 1072 1827 et
1097 1791 1243 1826 aliorum
1272 1789 1512 1837 episcoporum
1538 1793 1748 1837 petentium,
1786 1806 1823 1830 ut

219 1863 311 1900 papa
330 1848 524 1883 sententiam
549 1855 732 1879 revocaret.
1192 1885 1194 1887 ‚

320 1896 451 1933 Deinde
468 1890 745 1930 cumBonisacius
764 1890 911 1925 inducias
931 1889 1068 1926 statuere
1086 1888 1180 1924 vellet
1205 1888 1292 1922 inter
1310 1901 1422 1934 regem
1440 1889 1601 1924 Franciae
1618 1900 1649 1923 et
1666 1888 1818 1934 Angliae‚

220 1948 416 1990 litterasque
435 1957 471 1979 ea
489 1944 529 1978 de
547 1955 583 1977 re
601 1940 751 1978 misisset,
777 1939 978 1987 protestatus
998 1940 1039 1985 est
1056 1952 1115 1974 rex
1132 1940 1281 1985 regimen
1297 1941 1526 1984 temporalium
1542 1941 1644 1985 regni
1653 1939 1711 1982 sui
1727 1938 1822 1984 adse

221 1998 324 2042 [olum
351 2003 382 2029 et
403 1994 563 2027 neminem
584 1992 685 2025 alium
708 1992 902 2036 pertinere,
946 1989 1045 2035 seque
1072 1991 1108 2022 in
1131 1999 1164 2021 eo
1188 1989 1345 2020 neminem
1357 1989 1569 2033 superiorem
1596 1988 1822 2035 recognoscere

220 2058 278 2081 nec
298 2043 429 2078 habere.
484 2040 622 2074 interim
646 2051 735 2084 papa
761 2035 869 2073 fertur
892 2037 1042 2082 priorem
1070 2035 1265 2071 sententiam
1291 2034 1454 2071 revocasse
1479 2035 1637 2071 Kalendis
1658 2034 1819 2081 Augusti.

222 2091 446 2142 pontificatus
463 2101 553 2124 anno
579 2099 608 2131 3.

371 2142 501 2175 Verum
521 2135 670 2184 ejusdem
689 2147 776 2170 anno
796 2146 826 2179 7.
848 2133 1058 2180 exasperatus
1077 2135 1112 2169 in
1130 2132 1325 2178 Philippum
1346 2132 1532 2167 Pulchrum
1557 2132 1598 2166 ad
1625 2144 1702 2167 eum
1727 2131 1819 2167 litte.

221 2203 275 2227 ras
292 2188 380 2224 misit
396 2190 430 2223 in
450 2188 533 2222 hanc
553 2185 765 2220 sententiam:
810 2185 901 2228 scire
926 2194 960 2219 te
985 2185 1144 2220 volumus,
1171 2182 1257 2228 quod
1266 2181 1508 2228 spiritualibus
1524 2190 1558 2216 et
1581 2181 1819 2228 temporalibus

219 2239 313 2277 nobis
323 2238 437 2287 Iubes,
455 2246 515 2274 etc.
542 2235 594 2271 his
615 2235 660 2274 ira
679 2231 854 2281 respondit
874 2232 1066 2281 Philippus,
1117 2231 1209 2267 Sciat
1226 2238 1287 2267 tua
1309 2232 1451 2267 maxima
1464 2232 1616 2280 fatuitas
1641 2233 1818 2317 iztgmpo.

1641 2291 1661 2314 r
1696 2291 1707 2314 1
1732 2290 1768 2315 uc
