2023 2760
335 221 356 253 6
558 216 628 253 DF.
657 213 930 258 ANTIQVA
955 207 1266 246 EchEsrAE
1292 208 1627 246 DISCIPLINA

283 302 536 343 Raveunensem
557 303 613 341 lib.
637 317 668 348 7.
686 302 786 340 initio
801 312 832 337 et
851 313 904 348 ep.
933 312 986 346 50.
1013 296 1128 334 india.
1149 310 1178 333 2.
1204 297 1389 333 Eusebium
1416 296 1611 333 Theffalon.
1635 296 1692 333 lib.
1720 308 1748 332 ι.
1777 296 1900 333 india.

290 369 323 390 2.
342 368 393 403 ep.
415 359 447 388 6.

435 407 474 438 ln
498 400 718 447 sequentibus
737 398 889 435 conciliis
910 397 1073 444 usquead
1091 396 1258 433 saeculum
1284 394 1441 430 ouavum
1469 394 1587 430 iisdem
1612 405 1644 429 et
1669 394 1741 431 aliis
1771 405 1902 432 tantum

282 451 469 498 insignibus
489 450 719 498 metropolitis
737 448 920 490 tribuitur,
946 461 983 483 ut
998 449 1124 495 Tyrio,
1143 446 1414 492 Nicopolitano,
1443 444 1646 485 Corinthio,
1673 444 1903 483 Ravennam,

282 502 495 541 Salonitano,
583 497 733 534 uileienfi
745 523 754 535 ‚
783 496 1038 543 Carthaginenfi
1049 522 1059 537 ,
1086 507 1146 532 etc.

433 554 477 586 At
503 512 582 596 post
605 548 684 582 haec
710 558 865 593 tempora
887 545 1083 593 promiscue
1106 545 1258 592 usurpari
1275 546 1385 590 coepit
1405 544 1444 577 de
1462 543 1624 578 omnibus
1644 542 1895 587 metropolitis,

280 611 380 644 atque
397 600 496 634 etiam
515 598 699 642 aliquando
720 596 815 631 datus
837 595 882 631 est
900 596 1072 631 nonnullis
1096 593 1266 640 episcopis
1278 620 1285 633 ‚
1314 596 1370 637 qui
1391 592 1647 638 metropolitico
1664 592 1739 639 jure
1756 593 1898 628 minime

257 648 261 653 “
280 648 494 683 fruebantur.
549 646 652 682 Unde
668 643 797 680 fastum
819 645 883 682 est,
909 657 945 681 ut
959 644 1050 690 apud
1064 645 1214 679 Graecos
1235 645 1440 677 rewntiores
1458 642 1563 687 longe
1578 642 1693 687 plures
1720 639 1820 676 essent
1847 654 1898 676 ar-

282 697 491 742 chicpiscopi
509 708 610 740 quam
629 694 907 740 metropolitani:
944 695 1023 739 quia
1049 693 1173 728 scihcet
1198 692 1407 737 simplicibus
1435 690 1602 737 episcopis
1628 688 1816 736 speciosum
1843 703 1898 725 ar.

283 745 492 792 chicpiscopi
511 757 634 780 nomen
653 744 715 779 fibi
731 744 901 779 vindicare
919 744 1010 778 haud
1026 742 1158 777 difficile
1173 740 1261 777 fuit.-
1289 753 1320 775 at
1336 739 1498 787 subjessas
1509 741 1582 774 aliis
1593 737 1810 775 ecclefiassibi
1821 738 1900 775 sub·

284 797 362 831 dere
381 808 446 829 non
465 796 509 829 ita
529 793 637 829 facile.
693 796 767 828 Hac
791 794 831 827 de
849 791 944 827 causa
963 804 1147 827 occurrunt
1165 793 1267 826 etiam
1287 792 1321 824 in
1341 791 1437 826 ltalia
1459 790 1617 825 nonnulli
1634 787 1896 835 archiepiscop&

282 856 319 878 ut
344 845 378 878 in
406 842 515 879 mauu
542 842 798 889 Neapolitano,
831 839 1055 882 Roffanenfis‚
1089 839 1338 882 Lancianensis,
1380 851 1412 876 et
1439 843 1662 882 Nazarenus,
1690 838 1840 884 itemque
1861 840 1897 874 in

281 893 438 930 Sardinia
459 892 682 934 Arborenfis,
710 892 833 940 quibus
858 891 945 928 nulli
968 890 1109 927 subsunt
1134 889 1298 939 episcopi.

1014 1027 1042 1068 §.
1077 1027 1146 1061 1v.

880 1110 939 1148 De
976 1113 1108 1150 nomine
1151 1109 1299 1148 exarchi.

279 1199 482 1296 Ε’ξαξχος
497 1212 668 1247 aGraecis
686 1211 811 1246 dicitur
829 1211 1001 1256 inceptor,
1028 1213 1113 1253 dux,
1142 1222 1173 1246 et
1188 1212 1348 1257 princeps
1366 1210 1508 1255 alicujus
1528 1212 1595 1251 rei,
1624 1211 1704 1246 hinc
1715 1213 1804 1257 apud
1822 1214 1896 1247 Ho-

386 1274 517 1296 merum
535 1271 566 1295 et
581 1260 664 1294 alios
682 1260 883 1305 prophanos
900 1272 1104 1305 praecentor
1123 1260 1248 1294 dieitur
1266 1260 1414 1305 ἔξαρχος,
1445 1271 1475 1293 et
1491 1259 1592 1294 Philo
1610 1273 1699 1297 eum,
1726 1262 1786 1305 qui
1806 1262 1896 1296 inter

279 1314 517 1356 Therapeutas
532 1308 748 1354 praecinebat
768 1308 899 1354 ἡγέμονοι
916 1311 968 1343 καὶ
990 1309 1121 1356 ’ἔξαρχον
1145 1319 1242 1342 vocat
1262 1309 1349 1342 circa
1367 1305 1469 1342 finem
1496 1307 1553 1343 lib.
1584 1309 1625 1343 de
1653 1311 1721 1343 vita
1747 1320 1894 1344 contem-

278 1363 405 1408 plativa
421 1372 497 1405 pag.
521 1371 602 1402 902.
657 1359 711 1392 Sic
727 1357 827 1392 exodi
849 1369 900 1400 15.
922 1370 952 1392 ν,
980 1369 1010 1392 2.
1040 1359 1100 1393 ubi
1126 1357 1269 1392 habetur
1293 1357 1326 1391 in
1352 1356 1503 1401 vulgata,
1535 1357 1755 1403 praecinebat
1783 1366 1894 1394 autem

279 1411 423 1448 stlaria,
453 1420 508 1451 70.
532 1407 654 1442 habent
676 1409 780 1453 ἐξῆρχε
807 1407 839 1441 δὲ
858 1409 953 1441 οἰυτῶν
975 1409 1094 1455 pugion,
1130 1419 1213 1452 quae
1229 1416 1410 1452 propterea
1428 1405 1552 1439 dicitur
1570 1418 1588 1439 a
1606 1406 1750 1441 Philone
1771 1407 1806 1441 in
1823 1407 1894 1442 vita
1923 1443 1926 1445 ,

278 1457 386 1494 Molis
404 1457 587 1492 mulierum
603 1455 738 1503 ἑξάξχηι
766 1457 800 1490 in
819 1455 976 1491 eumdem
992 1451 1123 1491 sensum
1142 1455 1271 1494 recidit,
1289 1453 1382 1498 quod
1403 1455 1450 1493 is,
1480 1453 1812 1498 quichorumducit,
1843 1456 1892 1491 di-

279 1509 366 1543 citur
382 1507 528 1553 ἕξοιςχσς,
557 1518 678 1539 verum
694 1506 773 1540 haec
786 1506 935 1551 acceptio
952 1507 1096 1541 omnino
1115 1504 1218 1539 aliena
1245 1502 1289 1537 est
1314 1516 1331 1537 a
1350 1502 1536 1548 proposito'.

427 1556 576 1600 fropius
599 1555 642 1588 ad
664 1553 750 1589 illud
772 1553 906 1594 accedit,
939 1555 1034 1598 quod
1064 1553 1261 1589 Plutarchus
1291 1552 1326 1585 in
1347 1555 1466 1587 Numa
1491 1551 1664 1588 summum
1689 1553 1889 1600 pontificem

279 1606 409 1653 ἔξαρχον
424 1604 509 1648 ἱερέων
526 1603 676 1649 adpellat.
732 1602 785 1637 Ab
803 1602 865 1638 hoc
885 1603 980 1637 sensu
1004 1616 1073 1637 non
1093 1603 1238 1636 multum
1256 1601 1385 1635 abludit
1403 1601 1537 1646 vulgata
1549 1604 1640 1637 vocis
1653 1603 1752 1651 hujus
1769 1615 1887 1650 accep-

279 1657 346 1694 tio,
375 1653 559 1688 secundum
578 1665 680 1696 quam
697 1651 857 1686 exarchus
877 1651 1001 1687 dicitur
1018 1653 1058 1689 is,
1077 1652 1135 1695 qui
1155 1650 1311 1690 dioecesi,
1363 1650 1427 1684 hoc
1446 1651 1491 1685 est
1511 1651 1673 1697 pluribus
1699 1653 1887 1698 provinciis

279 1702 421 1750 praeest.
477 1704 555 1737 Hoc
572 1699 668 1736 sensu
687 1700 763 1736 lbas
780 1701 959 1737 Edeffenus
979 1702 1013 1734 in
1032 1700 1177 1735 concilio
1194 1698 1383 1747 Berytensi‚
1411 1700 1507 1746 cujus
1525 1700 1596 1735 aih
1615 1700 1813 1737 referuntur
1823 1700 1885 1738 τιεί.

282 1765 336 1786 10.
356 1763 447 1786 conc.
467 1749 763 1790 Chalcedonensis,
791 1751 839 1785 ait
855 1750 884 1784 se
902 1762 977 1784 cum
998 1749 1169 1795 Cyrillum
1187 1749 1479 1783 anathematizavit
1496 1749 1693 1793 sequutum,
1713 1749 1774 1786 esse
1790 1763 1884 1785 exar-

278 1803 380 1835 chum
400 1800 498 1834 suum
513 1801 680 1846 Joannem
701 1800 972 1836 Antioche-num,
996 1802 1037 1844 τῷ
1056 1798 1176 1845 ἐξαίρχῳ
1193 1801 1239 1844 μὲ
1258 1797 1474 1841 ἐξηκολέθησ-οι,
1505 1811 1536 1834 et
1559 1799 1691 1844 postea,
1727 1811 1788 1848 ego
1814 1812 1882 1835 cum

276 1862 343 1885 meo
363 1850 500 1883 exarcho
517 1857 550 1882 ct
565 1851 727 1883 orientali
743 1850 876 1884 concilio
898 1847 1115 1896 abnegabant.
1167 1851 1250 1882 Item
1267 1848 1299 1880 in
1309 1847 1454 1881 concilio
1470 1848 1692 1888 Antiocheno,
1703 1850 1797 1896 cujus
1811 1846 1883 1887 agia

278 1898 475 1933 referuntur
496 1896 622 1931 ibidem
642 1895 704 1933 aUt.
731 1910 784 1939 14.
803 1897 864 1934 col.
886 1909 966 1941 745.
994 1897 1074 1931 dicit
1085 1897 1272 1942 Stephanus
1290 1897 1502 1943 Epiphaniae
1512 1897 1732 1933 Athanasium
1754 1898 1882 1945 episco-

277 1959 362 1994 pum
382 1946 523 1980 Perrhae
541 1957 693 1980 vocaturn
712 1946 750 1979 ab
771 1946 891 1993 ἐξάξχῳ
911 1946 1083 1980 orientalis
1101 1943 1257 1980 dioecesis
1286 1958 1354 1980 non
1374 1945 1504 1980 venisse.

427 1998 465 2028 ln
484 1995 668 2030 canonibus
684 1996 819 2028 concilii
843 1994 1123 2030 Chalcedonensis
1141 2006 1254 2040 aperte
1271 1994 1401 2042 ’ἔξαρχος
1428 1994 1649 2042 distinguitur
1668 2009 1687 2031 a
1702 2007 1881 2044 metropo-

276 2045 401 2084 litano,
430 2054 461 2077 et
479 2043 535 2076 ille
551 2041 698 2088 praeesse
723 2043 844 2077 dicitur
864 2042 1003 2078 dioecesi
1022 2055 1092 2078 can.
1116 2057 1146 2087 9.
1180 2044 1219 2078 Si
1237 2047 1309 2089 quis
1327 2046 1490 2090 episcopus
1511 2047 1564 2081 vel
1587 2048 1724 2080 clericus
1749 2057 1877 2082 contro·

276 2094 411 2138 veyfiam
428 2091 549 2127 haheat
566 2091 713 2137 dioecefis
729 2093 906 2127 exarchum
934 2091 1052 2129 adeat,
1086 2103 1117 2127 et
1140 2103 1209 2126 can.
1237 2103 1288 2135 ιγ.
1349 2093 1389 2127 Si
1405 2096 1479 2140 quis
1505 2097 1639 2140 injuria
1662 2094 1833 2138 afficiatur
1857 2108 1878 2130 a

273 2145 416 2188 proprio
439 2141 713 2187 metropolitano,
740 2141 833 2187 apud
845 2141 1018 2177 exarchum
1035 2140 1201 2187 dioecefis,
1229 2142 1282 2177 vel
1301 2142 1694 2191 Constantinopolitanam
1712 2143 1822 2191 sedem
1838 2145 1879 2181 li-

275 2193 379 2238 riget.

1735 2311 1827 2349 rost-
