1961 2718
152 0 174 9 -s
177 0 215 11 ,μ’

297 211 368 245 370
543 197 613 233 nt
638 194 913 239 ANTIQUA
940 186 1218 229 ECCLESIAE
1244 191 1576 230 mscu’uNA

396 287 446 323 Ex
464 284 506 320 iis
523 295 554 320 et
571 284 646 319 aliis
665 282 828 319 similibus
839 279 981 322 inviEie,
1016 279 1052 315 ni
1076 278 1200 320 fallor,
1234 279 1482 316 demonstratur
1509 279 1707 328 potestatem
1731 282 1863 318 civilem

248 348 280 375 et
305 334 528 383 temporalem
554 346 675 380 regum
701 345 771 368 non
791 331 986 379 dependere
1005 343 1023 365 a
1038 329 1202 377 potestate
1220 328 1449 365 ecclesiastica:
1477 330 1534 366 illa
1554 333 1643 367 enim
1665 330 1810 377 potestas
1821 331 1862 367 ab

247 388 312 424 alia
332 399 401 421 non
421 383 603 431 dependet,
632 394 718 428 quae
734 395 752 418 a
769 381 841 418 solo
858 384 934 417 Deo
954 391 1102 420 emanat,
1132 391 1284 425 quaeque
1307 391 1377 414 non
1405 380 1504 414 alian]
1529 379 1629 426 supra
1651 380 1683 415 se
1709 380 1862 427 agnoscit

245 447 384 485 praeter
402 435 574 475 divinam3
601 430 658 468 sed
677 442 716 468 ut
734 445 771 467 ex
790 431 993 467 testimoniis
1010 429 1269 474 adhib-liquet,
1301 427 1447 475 potestas
1476 441 1596 474 regum
1624 442 1642 463 a
1666 433 1742 466 Deo
1771 443 1864 466 ema-

248 497 325 529 nat,
354 497 412 521 nec
431 487 466 520 in
483 482 545 518 suo
563 495 686 528 genere
702 481 806 516 ullam
829 481 928 516 uliam
947 477 1146 525 potestatem
1164 489 1298 524 praeter
1324 479 1476 514 divinam
1503 478 1712 525 superiorem
1739 478 1863 526 agnos-

247 538 313 582 cit,·
340 548 421 582 ergo
444 530 590 580 potestas
606 531 714 567 civilis
734 543 851 566 natura
868 530 925 565 sua
943 542 1012 564 non
1032 528 1199 574 dependet
1213 527 1253 563 ab
1270 526 1499 569 ecelefiastic23
1527 540 1563 562 ac
1573 529 1722 574 proinde
1740 531 1865 564 Roma·-

249 587 286 620 ni
312 582 494 631 pontifices
523 593 636 626 neque
653 578 815 617 diressem
834 591 945 625 neque
962 576 1161 614 indirestam
1178 579 1215 613 in
1236 577 1436 624 temporalia
1473 589 1598 623 regum
1626 576 1868 614 austoritatem.

247 634 384 670 habent.

265 699 267 703 ’
395 683 484 719 Dico
497 707 505 722 ,
529 688 594 715 'nec
613 677 794 721 dimam,
821 674 1093 712 necindireEiam
1111 676 1150 710 ad
1170 674 1301 711 sensum
1321 674 1610 716 adversariorum,
1637 689 1675 710 ex
1693 675 1758 710 illis
1769 688 1863 710 nam-

248 747 318 781 que
332 733 471 780 quidam
495 732 606 770 aiunt,
635 727 830 775 pontificem
849 731 1041 763 Romanum
1064 723 1229 760 direstam
1247 725 1369 760 habere
1395 726 1429 759 in
1454 724 1654 771 temporalia
1681 723 1861 760 aussorita-

247 796 336 827 tern;
361 779 583 818 modestiores
601 791 684 813 vero
701 789 774 812 eam
792 787 915 810 vocant
932 771 1152 810 indirestam,
1178 773 1232 807 sed
1251 785 1393 817 utraque
1403 773 1565 809 sententia
1582 774 1865 809 videturinidem

248 834 415 870 recidere,
443 832 573 875 quippe
590 837 733 869 utraque
751 824 936 870 supponit,
963 834 1060 867 reges
1079 821 1193 866 regnis
1212 821 1351 866 spoliari
1380 821 1474 866 poffe
1499 820 1700 857 anaoritate
1724 821 1862 868 pontifl-

247 885 308 920 cia.
360 885 492 917 Totum
513 875 693 911 discrimen
713 875 749 908 in
767 886 806 908 eo
824 871 891 913 est,
944 870 1036 916 quod
1063 869 1114 904 illi
1131 869 1261 910 dicant,
1302 881 1366 916 per
1389 868 1626 905 auam-itatem
1652 871 1863 916 pontificiam

248 931 444 968 immediate
460 927 495 962 id
511 924 601 959 fieri:
639 922 692 958 isti
709 934 790 958 vero
810 921 1032 957 contendant,
1061 932 1099 953 ex
1117 918 1299 964 spiritualis
1317 917 1490 964 potestatis
1509 919 1572 955 usu
1591 919 1752 955 caestum
1771 920 1864 956 hunc

249 982 362 1026 sequi,
389 981 433 1014 ita
449 987 487 1011 ut
502 987 540 1010 ex
558 973 925 1011 excommunicatione,
955 982 1038 1015 quae
1064 981 1175 1014 poena
1203 967 1386 1014 spiritualis
1408 967 1470 1009 est,
1497 967 1657 1014 sequatur
1684 967 1864 1005 necessario

248 1032 399 1079 privatio
417 1027 592 1062 bonorum
609 1021 862 1068 temporalium.
916 1021 1011 1054 Hine
1030 1018 1148 1053 videre
1166 1017 1210 1052 est
1227 1018 1342 1053 omnin
1363 1016 1475 1053 nostra
1491 1028 1693 1064 argumenta
1714 1029 1781 1054 tam
1809 1020 1863 1053 in-

249 1078 412 1117 direstam
430 1077 517 1111 hanc
536 1070 752 1120 potestatem,
783 1083 884 1116 quam
903 1066 1067 1104 dii-estam
1094 1069 1317 1114 impugnare3
1370 1067 1503 1114 quippe
1527 1080 1605 1103 cum
1630 1067 1865 1108 ostendamus,

249 1130 386 1166 civilem
408 1124 611 1173 potestatem
630 1121 670 1156 ab
691 1119 901 1155 ecclesiastica
917 1119 1062 1153 minime
1077 1118 1250 1164 pendere3
1302 1116 1382 1152 inde
1411 1115 1579 1161 {equitum
1631 1130 1669 1152 ex
1697 1116 1864 1162 spirituali

246 1191 358 1228 poena
374 1174 595 1222 temporalem
614 1171 757 1206 minime
774 1169 878 1214 sequi.
930 1167 1063 1203 Deinde
1082 1178 1120 1202 ut
1138 1165 1368 1207 ostendimus,
1397 1166 1455 1202 ubi
1475 1166 1516 1201 de
1534 1167 1861 1201 excommunicatio-

250 1241 311 1269 ne,
337 1224 524 1263 absurdum
541 1222 586 1257 est
605 1221 733 1261 dicere,
760 1220 937 1254 hominem
956 1230 1017 1263 per
1034 1229 1106 1251 eum
1125 1217 1257 1262 privari
1272 1215 1374 1250 bonis
1392 1226 1451 1251 aut
1471 1214 1590 1252 officiis
1611 1215 1862 1262 temporalibus

249 1278 315 1314 fibi
331 1277 405 1324 jure
424 1284 560 1308 naturae
582 1269 715 1305 debitis.
770 1271 888 1311 ltaque
907 1266 1019 1312 potest
1037 1266 1195 1310 equidem
1212 1264 1344 1300 ecclesia
1363 1277 1477 1311 regem
1497 1266 1670 1312 tyrannice
1687 1267 1862 1311 imperen-

249 1338 338 1363 tem‚
364 1335 422 1359 aut
438 1333 534 1357 verae
551 1318 733 1363 religionis
750 1316 898 1352 hostem,
924 1325 1068 1348 monere
1085 1324 1116 1347 et
1133 1313 1329 1352 adhortari,
1355 1325 1394 1348 ut
1412 1313 1536 1348 reffius
1556 1318 1717 1359 imperet,
1754 1313 1806 1347 vel
1824 1324 1862 1347 ut

249 1375 450 1420 religionem
468 1379 623 1404 tueatur,
649 1366 740 1400 etad
761 1363 931 1400 summum
949 1361 1119 1407 aliquibus
1144 1359 1236 1396 forte
1261 1361 1299 1395 in
1326 1360 1451 1396 casibus
1477 1361 1586 1407 ipsum
1612 1363 1860 1397 communione

249 1422 400 1461 ecclesiae
418 1421 564 1468 privare.
615 1419 661 1450 At
679 1413 757 1449 inde
774 1415 915 1448 minime
941 1410 1112 1456 sequitur,
1163 1422 1242 1445 eum
1268 1422 1375 1456 regno
1403 1422 1460 1445 aut
1486 1410 1586 1446 bonis
1612 1410 1860 1457 temporalib—us

280 1474 424 1509 rivatum
444 1468 525 1504 esse,
553 1476 630 1500 cum
650 1462 802 1498 ecclesiae
819 1459 963 1508 potestas
990 1460 1100 1494 nullos
1122 1458 1225 1496 alios,
1253 1458 1318 1493 five
1335 1460 1532 1505 proximos,
1559 1460 1627 1495 {ive
1645 1472 1796 1497 remotos
1808 1457 1859 1495 ef.

249 1523 363 1562 feaus
381 1519 498 1563 habeat
517 1524 650 1564 praeter
665 1512 873 1560 spirituales:
900 1509 958 1546 sed
972 1509 1042 1546 hoc
1057 1506 1167 1544 fufius
1186 1506 1379 1544 ostendetur
1398 1509 1435 1544 in
1461 1507 1684 1555 sequentibus.

988 1676 1016 1721 5.
1051 1677 1106 1712 11,

357 1793 470 1843 Reges
505 1795 683 1841 peccantes
724 1799 748 1824 a
784 1786 908 1824 nemim
943 1789 1184 1883 pfaegperqffm
1225 1793 1248 1818 a
1291 1777 1370 1818 Deo
1412 1781 1592 1830 temporali
1627 1793 1742 1832 poena

940 1847 968 1883 p
984 1847 999 1870 e
1024 1846 1039 1871 r1
1058 1846 1109 1882 po
1136 1845 1162 1869 e.

339 1957 407 1993 ulla
429 1955 537 2002 maior
554 1951 692 1999 regibus
709 1960 822 1997 poena
842 1943 954 1994 potest
973 1944 1113 1983 inferri,
1139 1954 1240 1990 quam
1259 1941 1282 1976 fi
1302 1942 1417 1988 regnis
1453 1940 1519 1978 suis
1541 1941 1744 1988 spolientur,
1777 1938 1860 1975 adeo

364 2016 403 2041 ut
419 2005 573 2050 plerique
591 2001 710 2036 malint
727 2001 831 2033 vitam
849 1997 964 2043 potius
985 2007 1087 2040 quam
1105 2004 1246 2040 regnum
1265 1993 1427 2026 amittere.
1482 1994 1597 2036 Quare
1620 1992 1643 2027 fi
1663 2002 1761 2036 reges
1779 2001 1859 2036 pee-

251 2066 362 2094 cantes
378 2053 510 2101 possent
528 2051 567 2086 ab
588 2049 717 2084 ecclelia
732 2044 858 2082 direste
877 2045 929 2080 vel
950 2042 1115 2080 indirecte
1129 2042 1273 2089 deponi,
1301 2040 1425 2076 necess’e
1447 2039 1541 2076 foret
1559 2054 1627 2087 pro
1645 2038 1737 2075 falsis
1759 2037 1860 2072 habe·

252 2119 291 2143 re
306 2104 360 2140 illa
377 2113 514 2150 patrum
533 2099 740 2135 testimonia,
795 2107 879 2140 quae
896 2105 1030 2141 peccata
1056 2099 1177 2139 regum
1195 2101 1225 2125 et
1240 2091 1493 2137 imperatorum
1510 2089 1615 2126 solius
1629 2090 1695 2125 Dei
1710 2087 1859 2135 judicio,

252 2155 398 2192 examini
414 2163 446 2187 et
466 2147 672 2186 corressioni
691 2145 802 2191 quoad
820 2144 1026 2179 materialem
1045 2141 1110 2178 five
1128 2141 1347 2186 temporalem
1367 2151 1512 2186 poenam
1531 2138 1698 2174 reservate
1721 2134 1785 2171 effe
1801 2136 1859 2170 do-

252 2215 347 2243 cent,
374 2213 405 2238 et
423 2200 551 2249 judicio
574 2199 725 2232 humano
743 2194 910 2239 subjacere
933 2203 1073 2238 negant:
1101 2186 1276 2226 enimvero
1293 2190 1360 2224 hoc
1377 2187 1469 2224 sensu
1487 2188 1643 2234 plerique
1666 2184 1860 2222 sanEiorum

251 2252 675 2302 patruminterpretantur
691 2247 771 2283 haec
786 2242 927 2281 Davidis
945 2241 1064 2281 verbe,
1090 2239 1171 2279 Psnl.
1197 2251 1251 2286 50.
1282 2237 1363 2275 Tibi
1378 2240 1447 2285 soli
1464 2240 1613 2285 peccavi.
1730 2283 1773 2320 m
1850 2268 1852 2271 .

1774 2295 1809 2321 ‘a
