1940 2728
262 217 333 261 456
541 209 611 246 DE
640 202 911 253 ANTIQVA
936 205 1216 243 ECCLESIAE
1242 202 1550 245 DISCPLINA
1599 205 1602 208 ’

213 301 308 339 nullo
325 299 393 336 alio
411 299 446 334 in
466 310 581 346 regem
599 299 764 333 intentato
779 295 937 334 fulmine.
990 299 1035 332 At
1054 295 1197 332 Paulum
1214 296 1372 333 tertium,
1398 295 1499 343 hujus
1520 294 1738 332 succefforem
1757 305 1833 333 tum

213 354 308 390 curia
330 355 501 389 Romana,
530 360 604 383 tum
629 349 817 394 imperator
845 346 953 382 statim
975 359 994 381 a
1020 346 1077 381 sua
1099 346 1141 380 ad
1159 344 1393 392 pontificatum
1414 344 1662 391 alsumptione,
1688 344 1835 381 stimula-

215 403 296 438 bant
321 401 360 435 ad
387 411 476 434 nova
500 397 646 433 fulmina
673 399 709 431 in
735 408 851 443 regem
877 397 1059 432 vibranda:
1089 394 1147 430 sed
1175 395 1297 430 Paulus
1322 394 1520 439 aliquandiu
1537 393 1732 436 cun-status,
1757 393 1835 442 post

214 463 364 488 mortem
392 447 568 483 cardinalis
596 445 761 482 Roffenfis
784 446 983 482 sententiam
1006 446 1041 480 in
1073 457 1187 490 regem
1216 445 1359 480 adornat
1383 456 1412 488 3.
1434 443 1578 489 August.
1611 457 1703 480 anno
1728 456 1837 489 1555-

217 512 363 545 eumque
384 511 462 534 cum
491 498 558 532 luis
584 494 779 531 fautoribus
797 508 866 531 non
887 494 995 531 solum
1015 494 1074 530 sub
1092 507 1202 541 poena
1222 494 1585 529 excommunicationis
1603 493 1688 528 latae
1705 493 1836 529 senten·

215 553 294 590 tiae,
323 548 378 584 sed
406 549 505 582 etiam
533 545 721 582 amissionis
747 547 847 592 regni
865 557 896 580 et
914 544 1137 592 depositionis
1156 557 1220 592 per
1236 543 1297 584 ses
1311 543 1362 578 vel
1382 556 1445 590 pet·
1460 543 1652 589 legitimum
1670 555 1832 590 procura-

216 612 329 637 torem
353 599 442 633 intra
468 609 520 640 30.
549 596 620 631 dies
646 594 752 630 adesse
775 595 885 643 jubet,
912 603 945 630 et
962 595 991 642 fi
1013 590 1200 640 comparere
1215 594 1428 641 neglexerit,
1456 595 1606 639 censuras
1625 595 1662 627 in
1679 604 1751 627 eum
1771 604 1836 641 ag-

214 656 367 700 gravat,
396 659 502 692 regno
529 657 561 680 et
586 645 748 680 dominiis
766 643 927 679 omnibus
945 645 1117 690 privatum
1140 640 1222 679 effe,
1249 642 1474 687 eumdemque
1489 654 1526 677 ac
1544 654 1664 677 omnes
1680 641 1836 677 fautores

219 701 287 747 ejus
309 709 433 744 poenas
450 707 570 730 omnes
585 694 718 740 legibus
736 691 956 739 praescriptas
976 690 1168 733 mcurriffe,
1194 703 1297 736 atque
1314 703 1391 726 cum
1410 690 1572 726 omnibus
1590 691 1688 726 bonis
1707 690 1837 728 diffida-

220 761 273 784 tos
296 745 375 785 effe,
404 755 436 779 et
454 744 626 790 sepultura
644 742 822 776 christiana
844 743 984 786 privari,
1010 741 1103 788 jubet
1120 752 1219 784 atque
1238 741 1396 778 decernit,
1424 742 1540 780 omnia
1558 740 1630 775 loca
1643 766 1651 781 ‚
1689 741 1732 775 ad
1749 753 1836 785 quae

217 811 276 834 rex
294 797 434 832 venerit,
458 790 639 827 interdiClo
660 790 808 837 subjicit,
838 791 981 824 Henrici
1000 802 1037 823 ex
1057 793 1154 824 Anna
1177 788 1305 822 Bolena
1323 788 1474 823 sobolem
1492 788 1739 834 fautorumque
1758 790 1836 826 sno-

216 845 430 884 rumliberos
441 841 546 886 usque
557 840 597 874 ad
612 851 689 874 eum
700 839 857 884 gradum,
878 850 947 883 quo
962 838 1037 886 jura
1047 836 1292 884 praescribunt,
1310 836 1411 872 bonis
1423 849 1452 872 et
1463 837 1653 871 honoribus
1664 840 1836 884 privasse

219 896 363 931 infames
376 891 438 926 effe
449 890 596 934 decernit
607 904 620 927 ,-
633 901 752 924 omnes
765 889 909 923 Henrici
921 886 1072 923 vassallos
1083 898 1114 922 et
1134 885 1288 921 subditos
1299 885 1339 920 ab
1350 885 1421 932 ipsa
1432 885 1622 921 obedientia
1632 897 1668 920 ac
1678 886 1837 933 praestito

220 945 471 991 iilijuramento
490 939 642 974 absolvit.
671 939 838 984 Praecipit
860 937 1078 984 principibus
1099 936 1315 972 etnobilibus
1335 936 1496 982 Angliae,
1527 947 1564 970 ut
1582 935 1614 970 se
1631 937 1664 970 vi
1679 949 1717 971 ac
1732 938 1837 972 armi·

219 993 375 1031 Hem-ico
392 1000 579 1037 opponant,
599 987 763 1032 illumque
781 1000 797 1022 e
815 988 910 1033 regni
929 985 1054 1022 finibus
1073 987 1192 1034 ejicere
1211 987 1380 1021 nitantur:
1409 996 1616 1020 caeterorum
1635 987 1838 1033 principum

218 1056 295 1080 cum
321 1040 395 1087 ipso
421 1037 535 1086 pafi'ta²
565 1034 899 1074 confoederationes,
927 1047 959 1071 et
982 1034 1175 1072 contraaus
1195 1036 1291 1071 irrita
1308 1033 1369 1070 effe
1388 1035 1555 1072 decernit,
1581 1035 1838 1081 eosdemqueut

221 1092 418 1129 Henricum
438 1101 469 1123 et
485 1099 635 1122 caeteros
653 1086 802 1122 ecclesiae
817 1086 956 1122 rebelles
973 1086 1073 1122 sacris
1094 1087 1197 1122 armis
1214 1084 1484 1132 prosequantur,
1511 1085 1687 1128 hortatur3
1715 1097 1836 1122 omnes

223 1143 293 1189 ejus
318 1139 469 1185 sequaces
495 1135 725 1184 apprehensos
755 1136 907 1171 servituti
929 1136 1016 1171 tradi
1041 1137 1145 1184 jubet.
1199 1137 1267 1169 His
1285 1148 1316 1170 et
1341 1135 1414 1170 aliis
1439 1134 1610 1182 ejvsmocli
1633 1134 1838 1170 diris'Hen-

220 1188 564 1228 ricumsententiasua
584 1187 722 1222 devovit
739 1186 858 1221 Paulus
877 1188 936 1221 ΙΙΙ,
948 1185 1005 1220 sed
1015 1186 1085 1233 ejus
1102 1187 1336 1221 executionem
1356 1197 1392 1220 ac
1409 1184 1661 1230 evulgation'em
1678 1185 1714 1219 in
1731 1186 1838 1220 trien-

220 1243 316 1276 nium
343 1239 485 1278 distulit,
515 1249 584 1281 quo
611 1247 765 1282 tempore
792 1248 868 1270 cum
900 1248 957 1270 rex
981 1236 1017 1269 in
1038 1234 1284 1270 Cantuariensis
1307 1233 1554 1280 archiepiscopi
1581 1235 1836 1271 memoriamet

220 1290 367 1333 reliquas
387 1286 608 1321 debacchatus
627 1284 719 1326 elset,
749 1284 903 1331 pontifex
922 1287 1121 1320 intentatum
1141 1284 1272 1320 fulmen
1299 1295 1411 1319 exerto
1431 1283 1571 1319 brachio
1588 1282 1696 1318 emisit
1718 1283 1836 1319 Kalen·

220 1340 269 1374 dis
295 1337 447 1385 Januarii
473 1336 553 1368 anni
578 1341 679 1377 1538.
733 1338 863 1368 Verum
887 1334 971 1369 illud
1002 1333 1222 1379 pontificium
1242 1333 1397 1378 diploma
1423 1333 1532 1368 nullas
1556 1333 1676 1367 habuit
1693 1334 1782 1367 vires
1798 1333 1835 1368 in

219 1391 280 1427 iis,
309 1398 392 1430 quae
418 1384 459 1418 ad
483 1383 684 1427 temporalia
709 1380 920 1427 spetlabant,
948 1394 1008 1416 nec
1034 1385 1125 1416 enim
1151 1382 1237 1415 ullus
1264 1380 1463 1414 christianus
1488 1382 1648 1425 princeps
1665 1393 1706 1416 eo
1735 1380 1834 1416 titulo

224 1438 296 1482 regi
317 1434 507 1481 Anglorum
529 1431 654 1465 bellum
675 1431 787 1464 intulit
803 1442 857 1464 aut
878 1442 954 1464 cum
977 1442 1035 1470 eo,
1069 1430 1159 1463 velut
1176 1441 1253 1463 cum
1271 1429 1429 1465 homine,
1457 1430 1517 1472 qui
1537 1430 1635 1474 regni
1655 1429 1727 1474 ‘lure
1747 1431 1834 1466 exci-

223 1484 337 1522 disset,
367 1485 455 1528 egit3
484 1483 554 1515 imo
583 1492 659 1514 cum
684 1492 723 1513 eo
755 1479 860 1513 veluti
879 1491 957 1513 cum
978 1479 1131 1523 legitimo
1150 1478 1342 1521 Anglorum
1361 1489 1439 1521 rege
1462 1478 1670 1523 imperaror,
1699 1479 1834 1515 Galliae

223 1549 281 1572 rex
304 1545 336 1568 et
359 1534 415 1567 alii
443 1531 617 1577 principes
636 1528 787 1562 catholici
810 1527 948 1561 foedera
963 1538 993 1560 et
1011 1527 1101 1571 pacis
1122 1524 1336 1559 conditiones
1355 1525 1520 1563 inierunt,
1547 1526 1589 1560 ad
1608 1527 1677 1574 ejus
1694 1540 1833 1574 quoque

222 1584 331 1620 filium
352 1581 551 1616 Eduardum
568 1590 603 1612 ac
624 1575 707 1610 filias
726 1577 873 1611 Mariam
893 1586 925 1609 et
942 1574 1167 1609 Elizabetham
1190 1586 1336 1620 regnu-m
1356 1574 1498 1620 Angliae
1514 1575 1691 1621 pei-venii:
1720 1578 1834 1623 itaque

223 1646 284 1668 nec
304 1632 343 1666 de
371 1628 461 1664 fatto
493 1640 597 1672 regno
616 1625 777 1671 spoliatus
796 1624 851 1665 est,
877 1637 937 1658 nec
958 1624 997 1658 de
1013 1624 1088 1671 jure
1106 1622 1146 1657 ab
1158 1635 1196 1657 eo
1216 1624 1335 1658 excidit
1352 1635 1498 1670 propter
1514 1623 1688 1670 pontificis
1704 1625 1832 1662 senten.

220 1685 320 1720 tiam,
350 1682 383 1714 in
405 1692 472 1723 quo
490 1675 688 1723 hujusmodi
709 1674 902 1721 potestatem
922 1686 1024 1709 nemo
1044 1685 1162 1718 regurn
1181 1673 1337 1718 agnovit:
1378 1674 1489 1720 probe
1507 1686 1619 1709 autem
1638 1675 1834 1722 intelligens

221 1745 279 1767 rex
309 1729 450 1772 Aeoliae
474 1725 620 1776 jacobus
643 1723 863 1771 religionem,
893 1736 994 1768 quam
1020 1721 1202 1769 profitetur
1219 1724 1370 1756 Romana
1386 1722 1528 1765 ecclelia,
1549 1722 1833 1762 suneaustoritati

223 1794 294 1817 non
319 1770 497 1814 adiersari.
549 1774 612 1810 Sed
635 1774 701 1809 hoc
725 1787 832 1809 unum
858 1773 984 1819 dogma
1005 1774 1044 1807 de
1067 1769 1238 1818 pontificis
1259 1772 1291 1804 in
1311 1772 1513 1818 temporalia
1530 1772 1709 1820 potestate,
1739 1774 1834 1820 quod
1875 1780 1894 1789 *⁸

221 1829 376 1867 nonnulli
395 1832 566 1863 Romanae
583 1824 692 1859 curiae
710 1824 878 1869 dogmatis
898 1822 1019 1857 imbuti
1036 1821 1224 1857 afferebant.
1276 1823 1517 1867 Jurarnenturn
1536 1822 1577 1857 ab
1595 1822 1755 1858 omnibus
1773 1836 1834 1859 an-

222 1894 267 1916 no
291 1893 301 1913 1
314 1884 393 1920 604.
414 1878 538 1922 exegit,
567 1887 636 1920 quo
652 1872 922 1920 protestabantur
942 1871 973 1907 se
991 1871 1077 1907 istud
1096 1871 1220 1916 dogma
1237 1870 1391 1915 rejicere,
1417 1870 1646 1918 juramentum
1664 1883 1773 1908 autem
1791 1872 1835 1909 fic

221 1930 252 1966 se
269 1928 375 1964 habet.
430 1927 503 1975 Ego
524 1937 601 1959 vere
624 1934 655 1959 et
671 1924 790 1969 fincere
809 1924 966 1970 agnosco,
995 1921 1151 1968 profiteor
1173 1928 1205 1954 et
1222 1918 1354 1954 declaro
1370 1923 1407 1954 in
1426 1922 1615 1965 conscientia
1633 1933 1703 1956 mea
1723 1929 1834 1959 coram

222 1989 255 2015 et
280 1979 351 2013 Deo
378 1985 411 2010 et
437 1974 571 2014 mundo,
598 1973 685 2021 qnod
702 1975 872 2019 supremus
898 1972 1049 2006 dominus
1068 1969 1170 2017 noster
1186 1980 1247 2004 rex
1268 1969 1412 2010 Jacohus
1435 1970 1476 2016 esl
1492 1971 1664 2019 legitimus
1682 1980 1715 2006 et
1734 1982 1834 2007 verus

223 2040 282 2063 rex
307 2027 403 2072 hujus
433 2027 550 2072 regni,
579 2033 610 2056 et
635 2025 775 2056 omnium
801 2024 942 2056 aliorum
966 2021 1144 2067 majestatis
1163 2018 1247 2063 suae
1272 2017 1492 2054 dominiorum
1518 2029 1552 2054 et
1583 2028 1770 2061 terrarum,
1799 2029 1834 2056 et

223 2077 309 2126 quod
327 2087 416 2122 papa
435 2085 489 2107 m’c
505 2084 567 2117 per
577 2073 613 2116 se
633 2074 753 2118 ipsum,
782 2083 840 2105 nec
854 2083 919 2116 per
937 2072 1035 2104 ullam
1062 2070 1162 2103 aliam
1182 2070 1398 2103 autoritatem
1418 2069 1561 2112 ecclefiae
1573 2070 1633 2114 seu
1651 2069 1831 2111 Romanae,

223 2129 278 2161 vel
308 2126 406 2160 ullam
431 2122 570 2156 mediam
596 2133 663 2155 cum
680 2119 926 2168 quibuscumque
945 2121 1021 2154 aliis
1038 2120 1180 2165 aliquam
1195 2116 1385 2163 potestatem
1403 2119 1458 2151 vel
1474 2118 1834 2155 autoritatemvltabeat

223 2187 333 2224 regem
351 2171 558 2218 deponendi,
586 2171 638 2204 vel
658 2171 840 2218 aliquorum
859 2169 1036 2215 majestatis·
1049 2170 1129 2214 suae
1146 2166 1361 2200 dominiorum
1379 2168 1433 2200 vel
1451 2179 1642 2214 regnorum,
1669 2175 1728 2202 etc.

322 2220 490 2258 Adi-ersus
515 2220 536 2254 h
562 2232 577 2253 c
600 2219 832 2268 juramentum
857 2218 957 2253 breve
982 2218 1024 2252 ad
1048 2215 1227 2251 catholicos
1242 2214 1371 2260 Anglos
1399 2215 1521 2249 direxit
1538 2217 1660 2250 Paulus
1680 2218 1721 2250 V.
1742 2228 1831 2252 anno

231 2277 360 2313 1606.,
389 2283 458 2317 quo
487 2270 630 2305 declarat
659 2268 742 2305 illud
770 2267 873 2311 salva,
899 2279 931 2309 et
954 2266 1078 2303 illibata
1104 2264 1172 2302 fide
1189 2261 1350 2311 praestari
1366 2275 1435 2300 non
1453 2263 1565 2312 poffe:
1593 2266 1673 2301 Non
1686 2265 1829 2311 potestis,

1653 2324 1781 2360 lnqulto
