2001 2733
293 188 797 230 DISSERTATIONES
823 190 1199 235 HISTORIC'AE.
1226 191 1385 227 D1ss1m.
1412 190 1492 228 VH.
1594 201 1664 235 453

98 275 236 325 digestis
256 277 296 314 ab
312 277 373 319 iis,
400 279 460 324 qui
480 290 550 314 non
568 277 679 325 probe
695 276 879 314 sentiebant
899 278 940 314 de
958 277 1042 320 fide,
1069 291 1213 325 eamque
1239 278 1431 316 doctrinam
1457 275 1655 315 affirmative
1680 286 1712 313 et

97 329 253 375 negative
270 341 308 363 ex
323 341 434 373 aequo
453 327 584 364 scholae
601 327 840 375 disceptationi
859 328 1131 374 relinquendam.

244 377 468 424 Respondeo‚
494 377 622 413 clerum
652 376 720 413 sese
738 376 934 424 opposuit-se
951 380 999 414 rei
1018 379 1118 424 hujus
1141 377 1332 416 definitioni
1357 377 1488 414 duabus
1515 378 1556 412 de
1579 374 1710 417 caufis;

95 428 267 474 primum,
295 428 375 473 quia
393 440 413 462 a
429 427 522 462 laicis
543 426 736 463 tentabatur
754 440 872 463 rerum
883 427 1176 465 ecclesiasticarum
1185 441 1216 464 et
1227 431 1429 477 dogmatum
1440 427 1518 462 fidei
1528 427 1708 473 judicium.

94 477 265 519 Secundo,
292 477 371 522 quia
391 488 470 512 tunc
486 476 689 522 imprudens
706 477 884 513 videbatur
901 479 1101 523 opinionem
1121 478 1288 516 Italorum
1306 479 1398 516 velut
1413 478 1618 512 haereticam
1629 485 1710 520 pro-

95 525 259 568 scribere,
287 537 319 561 et
334 538 452 561 omnes
467 525 509 561 ad
529 526 563 561 id
588 524 782 562 faciendum
807 527 1001 573 juramento
1031 528 1180 573 adigere.

243 579 392 612 Demum
409 574 587 611 universus
605 573 716 609 clerus
738 588 808 609 non
822 575 982 610 conclusit
1000 576 1053 616 id,
1067 612 1070 613 ⁷
1083 577 1178 620 quod
1197 578 1232 611 in
1250 574 1440 622 objeffione
1459 573 1626 612 refertur,
1653 571 1727 608 sed,
1750 601 1755 603 v

96 625 237 671 quidam
254 638 272 660 e
288 625 379 660 clero
398 624 480 659 haec
496 634 575 659 vota
591 623 793 663 emiserunt,
822 634 854 658 et
870 623 982 659 habita
999 626 1132 660 ratione
1158 626 1346 671 temporiS,
1381 624 1466 662 loci,
1500 634 1709 666 eorumque,

96 687 115 711 a
126 675 250 721 quibus
260 673 540 721 proponebatur,
570 672 730 709 dixerunt
739 671 995 719 propositiones
1007 685 1025 708 a
1034 673 1121 709 laico
1132 674 1254 709 ordine
1263 674 1413 719 prolatas
1423 698 1431 713 ,
1459 684 1496 707 ut
1512 672 1708 706 damnaren-

94 734 169 765 tur,
197 723 262 758 ess'e
283 721 431 758 curiosas
454 734 490 758 ac
507 721 664 763 vitiosas,
693 723 774 767 quia
789 733 870 757 tunc
888 723 1026 763 inutile,
1052 723 1126 758 imo
1144 734 1177 759 et
1199 720 1431 769 periculosum
1455 720 1636 756 videbatur
1666 720 1708 755 de

92 772 165 809 istis
183 771 275 809 ferre
292 771 468 820 judicium.
521 775 570 807 Ac
589 771 730 807 demum
748 784 767 806 a
795 772 879 806 viris
899 771 1116 807 Calvinianae
1140 770 1247 807 festae
1271 769 1463 807 faventibus
1490 771 1531 806 ad
1548 768 1707 805 schisma-

92 823 136 858 tis
154 823 282 857 semina
300 820 493 868 spargenda
511 819 694 856 consestas.
745 822 877 856 Verum
896 820 1077 856 universus
1095 822 1204 856 clerus
1222 820 1368 861 censuit,
1395 832 1530 856 tantum
1553 820 1619 854 hoc
1636 830 1706 854 non

91 871 186 919 posse
205 884 224 906 a
240 871 332 906 laicis
350 869 537 916 proscribi,
566 881 598 905 et
617 868 721 906 instar
738 869 822 916 legis
841 869 1106 906 fundamentalis
1136 870 1272 911 haberi,
1309 881 1348 906 ut
1374 871 1518 916 explicat
1535 868 1610 915 ipse
1629 869 1707 902 Per-

92 922 225 957 tonius.
279 919 466 967 Jappelle,
495 919 620 959 dit-il,
647 922 789 955 matiere
803 920 1069 968 problematique
1090 932 1129 955 en
1144 924 1284 956 matiere
1300 919 1342 954 'de
1353 922 1440 966 foy,
1467 928 1562 954 toute
1582 918 1706 954 doffri·

92 983 151 1008 ne,
178 973 239 1018 qui
253 968 332 1013 n’esl
347 972 447 1015 point
463 968 506 1003 de
523 968 673 1016 neceffite¹
687 969 729 1004 de
743 972 821 1016 foy,
849 979 882 1005 et
898 969 941 1004 de
958 971 1101 1017 laquelle
1118 972 1151 1005 la
1169 968 1432 1006 contradifloire
1449 967 1595 1015 n'oblige
1605 969 1705 1013 point

92 1031 193 1057 ceux,
219 1022 279 1066 qui
296 1020 330 1053 la
349 1027 500 1065 croisette,
525 1019 545 1052 ὰ
562 1019 735 1053 anathem
753 1031 795 1054 ou
817 1019 836 1053 ὰ
852 1027 952 1066 perte
976 1020 1017 1054 de
1039 1022 1252 1057 communion,
1305 1020 1386 1054 Hoc
1411 1017 1506 1053 sensu
1532 1016 1600 1051 dici
1625 1025 1708 1050 tunc

89 1068 179 1105 forte
196 1077 334 1115 poterat
350 1067 430 1102 haec
449 1066 595 1111 quaestio
612 1067 870 1113 problematis-a.
1122 1095 1124 1098 >

176 1123 179 1126 '
239 1121 371 1152 Verum
389 1130 407 1151 a
426 1116 642 1162 temporibus
664 1118 817 1152 Perronii
836 1116 876 1151 ad
895 1116 1090 1163 haecusque
1107 1117 1408 1163 nostratempota,
1434 1115 1490 1151 illa
1504 1127 1575 1155 res,
1602 1125 1703 1158 quam

90 1166 300 1203 tunenescio
322 1178 388 1210 qua
408 1166 449 1200 de
467 1165 561 1201 causa
580 1178 648 1201 non
665 1164 896 1202 existimabant
914 1167 1080 1203 Gallicani
1101 1179 1263 1214 proceres
1283 1167 1343 1202 ess'e
1359 1164 1587 1201 definiendam
1599 1163 1708 1198 sacrae

89 1217 264 1252 facultatis
285 1214 450 1255 censuris,
479 1214 794 1258 senatusconsultis,
821 1217 975 1252 unanimi
991 1217 1237 1263 theologorum
1255 1214 1615 1264 etjurisconsultorum
1625 1225 1704 1247 con·

89 1265 184 1300 sensu
198 1290 207 1303 ,
231 1278 269 1300 ac
286 1266 424 1299 demum
442 1263 586 1299 solemni
606 1264 684 1300 cleri
703 1265 871 1300 Gallicani
888 1266 1130 1313 episcoporum
1147 1267 1287 1303 decreto
1303 1265 1439 1301 definita
1458 1275 1495 1299 ac
1513 1274 1604 1298 extra
1623 1274 1705 1297 con-

87 1314 286 1350 troversiam
307 1314 415 1359 posita
440 1313 496 1349 est.

238 1365 417 1398 Caeterum
434 1362 518 1395 nihil
537 1364 647 1406 magis
674 1363 824 1398 Galliam
845 1363 994 1398 nostram
1013 1362 1054 1396 ab
1075 1361 1207 1409 iniustis
1230 1366 1468 1399 Romanorum
1495 1357 1704 1407 pontificum

88 1414 125 1449 in
145 1424 242 1459 reges
264 1411 396 1447 nostros
417 1412 594 1450 conatibus
618 1422 726 1448 tutam
744 1411 843 1452 fecit,
874 1407 973 1456 quam
993 1411 1176 1447 Gallorum
1193 1412 1229 1446 in
1249 1424 1346 1457 reges
1359 1409 1437 1446 suos
1456 1423 1553 1445 amor
1572 1410 1702 1454 ingeni-

87 1474 164 1498 tus:
217 1465 358 1509 quippe,
386 1470 425 1494 ut
453 1471 590 1494 annotat
616 1460 821 1506 Onuphrius
847 1459 1072 1501 Veronensis,
1125 1464 1248 1496 mirum
1273 1461 1362 1496 illud
1381 1459 1621 1506 observandum
1640 1459 1704 1505 est,

87 1511 176 1560 quod
193 1523 261 1545 cum
278 1510 370 1544 nulla
389 1520 476 1555 gens
494 1520 638 1555 unquam
652 1512 750 1553 fuit,
776 1521 860 1556 quae
874 1519 935 1544 aut
961 1519 1114 1544 externos
1127 1513 1302 1558 principes
1325 1523 1390 1545 non
1414 1509 1606 1554 admiserit,
1641 1517 1703 1543 aut

87 1562 267 1608 affumptos
293 1557 466 1594 interdum
489 1568 552 1592 non
580 1559 768 1603 expulerit,
816 1558 918 1602 saepe
941 1560 1043 1592 etiam
1064 1570 1130 1604 per
1148 1561 1312 1603 summum
1325 1561 1430 1603 scelus
1446 1570 1511 1593 uon
1528 1557 1703 1593 occiderit.

87 1611 174 1646 Solis
195 1609 332 1644 Francis
348 1608 406 1642 Ιιοε
421 1606 596 1653 peculiare
617 1605 659 1652 est
684 1614 717 1640 et
729 1608 930 1652 proprium,
956 1606 1060 1640 nullos
1078 1619 1221 1653 unquam
1241 1617 1373 1642 exteros
1391 1618 1487 1654 reges
1508 1610 1603 1652 pati,
1623 1608 1703 1651 suos

88 1656 200 1694 autem
217 1658 320 1705 usque
337 1656 417 1691 adeo
435 1666 565 1696 amare,
592 1663 630 1689 ut
642 1667 707 1701 pro
727 1666 837 1690 eorum
857 1653 1032 1702 dignitate
1055 1666 1093 1688 ac
1115 1656 1285 1701 majestate
1301 1656 1432 1692 tuenda
1447 1668 1514 1691 non
1532 1667 1605 1701 opes
1624 1664 1702 1690 tan-

88 1718 178 1746 mm,
222 1707 282 1753 sed
306 1716 340 1741 et
363 1707 470 1741 vitam
489 1704 710 1750 profundere
727 1705 869 1748 soleant.
925 1702 1100 1745 Quamdiu
1125 1705 1172 1738 ita
1189 1715 1307 1746 erunt,
1357 1717 1397 1740 ut
1418 1716 1450 1740 et
1468 1705 1546 1738 sunt
1562 1704 1703 1738 animati

86 1757 229 1797 Franci,
258 1754 449 1790 timendum
463 1765 533 1788 non
543 1754 626 1791 erit,
653 1764 690 1787 ut
698 1752 776 1788 ullis
787 1751 888 1788 bullis
897 1750 1099 1799 pontificum
1111 1781 1120 1796 ,
1136 1754 1377 1800 auti-escriptis
1387 1755 1508 1799 quovis
1529 1750 1706 1798 religionis

88 1805 231 1842 obtentu
246 1802 367 1839 emiffis
384 1806 419 1838 in
437 1814 532 1848 reges
552 1801 629 1838 suos
646 1802 843 1848 insurgant3
881 1801 977 1846 quod
1001 1814 1042 1837 ne
1068 1803 1145 1846 fiat,
1182 1804 1338 1841 nostrum
1362 1802 1410 1840 est
1431 1802 1549 1840 sedulo
1565 1814 1704 1841 curare,

78 1867 131 1894 rne
149 1853 305 1900 cloacina
322 1853 574 1891 ultramontana
589 1852 628 1888 hi
645 1864 751 1898 regno
771 1850 1012 1888 disseminetur.

410 2007 472 2047 De
493 2009 596 2059 gestis
614 2008 815 2059 pontificum
850 2007 1012 2058 adversus
1034 2006 1232 2056 Angtorum
1263 2020 1372 2057 reges.

87 2117 280 2214 Nullibi
297 2129 590 2167 verisimilioribus
607 2130 718 2166 titulis
738 2132 977 2166 Romanorum
995 2128 1200 2176 pontificum
1224 2131 1259 2165 in
1279 2142 1396 2177 reges,
1432 2141 1620 2175 eorumque
1637 2130 1697 2165 bo·

203 2194 246 2217 na
263 2180 406 2228 potestas
424 2177 604 2221 astruitur,
635 2193 736 2225 quam
755 2181 790 2214 in
814 2192 959 2226 reguum
977 2191 1008 2214 et
1026 2192 1137 2225 regem
1157 2181 1322 2225 Augliae:
1349 2180 1411 2226 ipsi
1430 2183 1519 2214 enim
1541 2193 1635 2224 reges
1646 2179 1696 2214 ul-

89 2242 144 2269 tro
160 2230 320 2270 videntur
335 2230 601 2280 sessregnussmque
609 2228 708 2281 suum
722 2227 1267 2314 1³9³‘fficiffiqminl0fissleciffffl
1317 2232 1435 2275 ltaque
1451 2229 1473 2264 fi
1489 2229 1698 2315 prgbaretur

999 2289 1016 2325 3
1555 2291 1646 2314 oma-
