1982 2739
318 210 384 244 ¹34
583 197 658 233 DE
683 196 961 239 ANTIQUA
990 190 1298 232 ECCLESIAE
1331 198 1671 237 DISCIPLINA

751 286 809 324 De
835 283 936 334 causa
961 283 1124 336 ffoannis
1153 284 1387 337 Chrysqslomi.

264 338 556 435 Chrysostomi
575 347 769 395 exemplum
785 346 975 395 proferunt
995 346 1162 393 plerique,
1183 360 1221 384 ut
1241 349 1508 395 adpellationum
1528 351 1567 386 ad
1579 352 1772 386 Romanum
1791 351 1878 395 pons

376 399 497 436 rificem
524 398 621 434 usum
645 410 679 433 m
697 400 827 434 oriente
844 395 987 443 viguisse
1002 395 1159 442 probent.
1214 401 1291 433 Nos
1311 411 1327 433 e
1343 411 1461 434 contra
1478 413 1516 435 ex
1534 401 1603 448 ejus
1623 398 1718 435 causa
1736 398 1877 433 demon·

262 450 440 486 strabimus
459 450 549 484 hunc
568 448 666 484 usur-n
684 460 758 483 tum
776 448 942 493 temporis
959 446 1153 481 inauditum
1174 446 1279 483 fuiffe.

365 500 418 535 Ad
442 497 622 547 synodum.
647 511 733 543 quae
759 498 800 532 ad
826 501 999 540 Quercum
1025 495 1220 535 celebratur,
1248 509 1388 533 vocatus
1415 496 1684 546 Chrysostornus
1702 495 1817 531 multis
1835 494 1877 529 de

263 550 367 586 causis
385 548 474 584 istud
491 550 655 597 judicium
673 545 844 583 recusavit.
899 549 1036 581 Harum
1053 547 1166 592 prima
1182 546 1261 582 haec
1279 546 1325 582 est
1344 547 1466 583 debere
1478 549 1569 595 juxta
1587 558 1727 582 canones
1745 545 1779 579 in
1798 545 1876 590 qui-

262 601 474 644 buscumque
499 598 687 645 provinciis
712 596 823 632 causas
848 596 985 632 illarum
1012 594 1165 636 trastari.
1194 609 1255 631 nec
1281 597 1469 632 alienarum
1490 598 1674 643 regionum
1694 593 1875 643 episcopos

258 650 300 685 ad
324 650 448 696 judicia
479 649 740 695 provinciarum
763 647 863 682 trahi.
916 647 1004 682 Nos,
1032 645 1162 690 inquit,
1181 647 1324 691 scientes
1355 648 1445 695 leges
1474 656 1630 694 patrum,
1659 655 1815 694 oportere
1838 645 1878 679 in

258 699 442 749 quibusque
455 700 645 746 provinciis
653 699 719 743 sua
737 699 876 745 negotia
892 696 1042 731 traft'ari
1058 703 1386 745 transmontanosque
1405 696 1449 731 ad
1466 696 1575 744 nostra
1586 696 1722 743 judicia
1743 706 1807 729 non
1823 701 1878 728 at-

261 747 442 784 trahendos
453 750 604 794 fortiter
622 747 880 782 detreffavimus
899 769 995 780 .....
1022 756 1128 791 neque
1147 747 1234 779 enim
1253 758 1438 794 congruum
1458 747 1508 793 est,
1527 755 1565 780 ut
1582 749 1626 783 lii,
1639 747 1743 793 quiin
1759 745 1878 791 Aegy-

259 808 318 845 pto
331 802 422 843 sunt,
443 798 603 844 judicent
624 808 682 833 eos,
701 798 812 843 quiin
837 794 997 828 Thracia.
1052 795 1146 841 Ergo
1163 795 1274 829 multo
1294 796 1408 829 minus
1429 807 1630 840 congruum,
1646 807 1682 829 ut
1700 794 1746 834 hi,
1768 793 1878 837 quiin

262 848 435 882 occidente
452 857 483 882 et
501 848 534 880 in
554 845 649 880 Italia
666 845 748 882 sunt,
767 843 924 890 judicent.
977 844 1133 877 Secundo
1145 868 1153 883 ‚
1179 843 1345 890 judicium
1363 844 1555 890 Theophili
1575 843 1747 879 recusabat
1764 842 1878 889 Chry-

261 896 440 937 sostornuS,
462 895 555 941 quod
571 895 728 930 nondum
746 894 801 928 ille
818 889 1100 928 seacriminibus‚
1124 892 1249 936 quibus
1269 893 1440 928 accusatus
1461 905 1540 933 erat,
1558 892 1736 940 purgasset.
1790 894 1878 925 Ter·

260 949 311 994 gio
323 974 330 988 ‚
361 957 438 981 eum
455 945 559 980 veluti
580 945 758 979 inimicum
776 954 814 978 ac
829 939 961 977 hostem
978 952 1047 974 non
1067 941 1241 976 immerito
1258 940 1453 987 suspestum
1470 943 1630 984 habebat,
1657 956 1732 982 not,
1759 940 1874 986 inquit

259 994 539 1043 Chrysostomus,
566 993 703 1039 misimus
731 992 777 1026 ad
802 1003 873 1026 eum
900 989 1046 1024 dicentes
1069 1001 1137 1024 mn
1164 1002 1221 1025 nos
1248 991 1421 1026 declinare
1429 992 1618 1038 judicium,
1644 992 1702 1036 led
1719 998 1878 1038 apertum

260 1046 376 1092 hostem
393 1053 425 1078 et
442 1045 614 1078 inimicum
632 1039 855 1086 manifestum.

358 1093 490 1128 Deinde
509 1104 587 1127 cum
602 1089 715 1125 absens
734 1100 765 1124 et
786 1087 879 1123 nulla
896 1087 1177 1124 contestationum
1194 1087 1263 1135 ejus
1283 1090 1415 1135 ratione
1433 1088 1544 1124 habita
1563 1086 1780 1135 judicaretur,
1807 1098 1879 1123 non

258 1144 301 1181 ad
319 1147 512 1180 Romanum
529 1139 727 1188 pontificem
744 1139 967 1185 provocaVit3
995 1136 1050 1172 sed
1067 1138 1109 1173 ad
1125 1138 1288 1185 majorem
1303 1138 1492 1187 synodum:
1520 1137 1638 1176 Nobis,
1669 1138 1792 1184 inquit,
1819 1136 1880 1172 ad·

252 1193 448 1244 strepitibus
465 1200 604 1239 paratos
624 1190 688 1236 effe
701 1187 934 1236 praesentibus
951 1198 1079 1223 centum
1095 1197 1128 1222 et
1140 1189 1232 1223 mille
1247 1192 1405 1235 episcopis
1423 1190 1561 1223 crimina
1579 1187 1707 1233 objeHa
1718 1188 1880 1233 refellere

259 1243 374 1290 paſjits
395 1254 458 1276 non
484 1241 526 1286 est
538 1265 546 1280 ,
566 1240 630 1284 sed
655 1237 845 1278 absentibus
864 1236 959 1270 nobis
983 1246 1016 1270 et
1026 1236 1194 1281 synodum
1211 1249 1390 1271 convocare
1408 1235 1614 1275 volentibus,
1635 1237 1878 1283 judiciumque

255 1289 500 1342 flagitantibus
524 1298 628 1334 neque
644 1287 866 1333 cognitionem
875 1283 1115 1330 fugientibus,
1135 1283 1201 1327 sed
1221 1286 1403 1320 inimicitas
1423 1284 1622 1330 manifestas.

361 1337 438 1373 1³0st
455 1337 535 1371 haec
546 1335 586 1370 ab
603 1336 811 1380 imperatore
829 1343 1007 1367 revocatus
1025 1343 1102 1366 cum
1119 1331 1340 1377 adpellationi
1360 1334 1433 1368 suae
1452 1334 1493 1367 ad
1512 1331 1681 1380 synodum
1702 1332 1875 1375 infisteret,

261 1387 434 1436 synodum
462 1397 587 1420 iterum
613 1382 814 1430 postulavit:
844 1383 939 1421 Cum,
967 1381 1098 1424 inquit,
1127 1384 1279 1426 triginta
1301 1385 1444 1429 episcopi
1469 1392 1502 1417 et
1522 1382 1757 1430 clementzffimi
1773 1385 1877 1430 impe-

260 1440 388 1472 ratoris
413 1438 567 1471 notarius
594 1433 640 1468 ad
664 1433 722 1467 lzoc
744 1431 858 1476 miffus
879 1429 1113 1474 reduxiffent‚
1139 1429 1275 1476 ingreffi
1294 1431 1340 1466 ad
1353 1444 1465 1480 regem
1481 1435 1661 1470 oravimus,
1678 1442 1717 1468 ut
1733 1432 1779 1468 ad
1797 1433 1878 1468 ulci-

257 1485 381 1533 scenda
396 1486 556 1530 facinora
573 1481 735 1529 synodum
754 1486 893 1526 cogeret.

362 1535 431 1569 His
458 1532 545 1568 nihil
571 1528 780 1567 obstantibus
804 1529 840 1561 in
856 1526 920 1562 alia
937 1524 1069 1574 synodo
1087 1524 1264 1561 damnatur
1281 1525 1559 1574 Chrysostornus,
1589 1529 1684 1575 quod
1701 1529 1874 1577 judicatus

260 1599 281 1622 a
297 1584 430 1634 synodo
444 1580 514 1617 fine
531 1580 668 1616 asterius
688 1576 811 1627 synodi
828 1574 1027 1612 anaoritate
1046 1575 1158 1611 sedem
1177 1576 1270 1611 suam
1288 1575 1470 1622 recepisset,
1523 1578 1600 1614 Post
1612 1580 1874 1617 damnationem

262 1633 386 1683 ejestus
407 1645 486 1668 cum
502 1629 587 1666 nihil
601 1629 772 1674 reliquum
790 1625 853 1661 effe
869 1625 930 1660 fibi
946 1625 1091 1664 videret,
1119 1625 1245 1660 litteras
1266 1625 1307 1660 ad
1325 1627 1563 1663 Innocentium
1581 1631 1774 1664 Romanum
1792 1628 1876 1669 scti-

260 1684 334 1732 psit‚
355 1686 389 1719 in
410 1681 534 1728 quibus
550 1690 657 1725 rogat,
674 1689 712 1713 ut
729 1675 789 1712 fibi
805 1676 1028 1710 inimicorum
1045 1672 1255 1710 faitionibus
1273 1675 1432 1721 oppresso
1451 1688 1483 1712 et
1500 1676 1621 1725 injuste
1639 1689 1675 1713 ac
1692 1689 1812 1714 contra
1826 1678 1874 1714 le.

262 1747 321 1781 ges
346 1734 553 1782 judiciorum
575 1725 723 1777 judicato
749 1738 852 1773 opem
867 1724 955 1760 ferat
970 1737 1006 1760 ac
1023 1725 1301 1760 communionem
1320 1726 1490 1772 impertiri
1506 1739 1573 1761 non
1593 1725 1727 1764 desinat.
1779 1727 1873 1769 Ideo.

258 1786 385 1829 inquit,
412 1784 612 1818 charitatem
630 1778 768 1825 vestram
790 1776 926 1822 obsecr0,
940 1785 978 1810 ut
994 1783 1201 1822 provocetur
1221 1773 1266 1809 ad
1281 1775 1515 1812 condolendum
1526 1776 1791 1825 faciendumque
1809 1789 1875 1812 om·

258 1838 328 1871 nia,
349 1845 412 1881 quo
431 1832 518 1866 mala
543 1830 623 1864 haec
639 1827 800 1874 sistantur
820 1853 827 1860 .
846 1852 853 1860 .
871 1852 879 1859 .
902 1852 909 1860 .
938 1828 1054 1873 igitur
1073 1823 1200 1859 domini
1217 1825 1405 1859 venerandi
1421 1829 1561 1862 maxime
1579 1839 1615 1860 ac
1634 1828 1689 1872 pii
1705 1838 1774 1861 cum
1794 1827 1875 1861 haee

259 1886 311 1918 ita
320 1883 356 1928 se
373 1880 497 1916 hahere
512 1878 723 1917 didiceritis,
744 1875 894 1922 studium
910 1875 1053 1920 vestrum
1069 1882 1102 1909 et
1119 1885 1269 1922 magnam
1287 1873 1505 1922 diligentiam
1525 1873 1701 1912 adhibete.
1735 1887 1800 1923 quo
1815 1886 1874 1911 re-

258 1931 427 1968 tundatur
452 1930 548 1966 llaec,
575 1939 660 1976 quae
678 1929 716 1961 in
734 1924 875 1972 ecclesias
893 1926 1035 1970 irrupit,
1055 1925 1228 1973 iniquitas.
1281 1923 1419 1970 Quippe
1428 1925 1457 1970 fi
1474 1926 1527 1960 hic
1545 1937 1612 1959 mos
1631 1925 1820 1960 invaluerit
1837 1931 1874 1960 et

259 1987 314 2028 γαπ
343 1983 411 2014 erit
440 1981 546 2013 cuivis
565 1979 708 2021 alienam
726 1975 915 2021 parochiam
934 1973 1096 2008 invadere
1112 2001 1120 2008 .
1140 1999 1148 2007 .
1167 1999 1175 2007 .
1195 1998 1202 2006 .
1229 1983 1437 2019 quapropter
1460 1986 1501 2009 ne
1518 1973 1663 2020 confufio
1682 1973 1769 2011 haec,
1787 1983 1873 2021 quae

250 2030 312 2077 sub
330 2030 411 2064 coelo
420 2028 472 2074 est,
491 2030 658 2062 nationem
671 2023 829 2060 invadat,
840 2021 979 2067 obsecro,
990 2031 1027 2057 ut
1036 2020 1208 2067 scribatis,
1227 2021 1315 2068 quod
1332 2022 1407 2056 haec
1428 2033 1496 2058 tam
1515 2025 1632 2071 inique
1642 2023 1743 2070 fafia
1762 2032 1794 2058 et
1814 2021 1874 2058 ab-

252 2078 406 2126 sentibus
432 2075 525 2112 nobis
552 2084 585 2110 et
611 2073 675 2109 non
701 2071 943 2108 declinantibus
958 2072 1146 2119 judicium,
1172 2083 1239 2106 non
1264 2070 1410 2106 habeant
1436 2072 1560 2114 robur3
1579 2072 1663 2119 ficut
1683 2083 1785 2119 neque
1805 2073 1873 2116 sua

259 2139 386 2165 natura
397 2125 532 2162 liabent.
562 2125 619 2160 Illi
630 2132 750 2163 autem,
761 2125 819 2171 qui
829 2124 943 2169 inique
953 2129 1099 2171 egerunt
1109 2131 1234 2167 poenae
1245 2120 1523 2167 ecclestaflicarum
1541 2124 1651 2169 legum
1660 2119 1874 2167 subjaceant.

261 2177 353 2214 nobis
373 2188 462 2216 vero,
483 2177 541 2223 qui
557 2185 616 2209 nec
632 2172 792 2209 conviHi‚
818 2183 879 2207 nec
897 2171 1090 2219 redarguti,
1116 2181 1171 2204 nec
1187 2169 1308 2210 habiti,
1346 2180 1384 2205 ut
1401 2174 1452 2205 rei
1470 2172 1597 2206 litteris
1616 2170 1732 2216 vestris
1750 2178 1783 2204 et
1801 2170 1876 2204 cha·

261 2230 370 2264 ritate
390 2224 496 2272 vestra
509 2225 720 2272 aliorumque,
739 2233 876 2269 quorum
895 2221 1029 2268 scilicet
1042 2230 1075 2258 et
1089 2228 1190 2256 antea
1199 2220 1359 2267 societate
1374 2219 1583 2267 fruebamur,
1596 2221 1679 2267 frui
1693 2218 1873 2265 concedite.¹

1772 2317 1823 2356 Ex
