1961 2718
289 214 353 252 373
505 199 575 241 D'E
609 200 890 247 ANTlQUA
929 189 1222 236 EC'CLE³SIAE
1280 189 1617 238 nrscl'PmNA

238 321 258 337 ,.,,
286 295 345 330 ubi
363 294 404 330 fit
422 293 593 330 evacuatio
611 291 724 327 omnis
742 289 953 338 principatus
974 297 1006 321 et
1024 285 1218 333 potestatis,
1245 286 1483 326 conditIonem
1506 287 1655 325 nostram
1681 299 1750 336 pro
1773 284 1854 334 ipso

239 371 256 391 „
285 358 400 380 rerum
418 345 646 379 humanarum
664 341 785 377 ordine
805 339 1005 375 toleremus,
1032 336 1118 371 nihil
1136 335 1285 373 simulate
1302 335 1483 377 facientes,
1510 350 1542 374 et
1559 340 1594 374 in
1612 351 1652 374 eo
1678 337 1753 386 ipso
1779 349 1852 373 non

236 420 253 433 ,.
284 407 349 429 tam
368 392 567 429 hominibus
585 403 686 436 quam
706 393 800 429 Deo,
828 388 887 432 qui
906 388 984 421 haec
1003 385 1112 434 jubet,
1141 385 1426 434 obtemperantes.
1480 387 1534 423 Ad
1559 387 1593 422 id
1617 400 1719 426 vero,
1755 386 1852 435 quod

237 445 405 491 objiciunt
429 456 450 478 a
471 440 691 488 potestatibus
718 438 786 474 istis
812 435 1009 473 christianos
1037 433 1099 470 esse
1123 446 1280 478 vexatos,
1309 448 1346 471 ac
1369 437 1514 484 proinde
1538 437 1605 472 illis
1623 436 1850 472 obedientiam

237 507 308 530 non
332 493 468 530 deberi,
495 490 536 526 fic
556 489 759 537 respondet:
787 513 806 529 „
824 485 950 527 Potest,
980 487 1109 534 inquit,
1137 497 1274 521 movere
1291 486 1448 532 aliquos,
1473 498 1550 522 cum
1568 485 1794 533 cogitaverint
1808 485 1850 519 ab

236 568 258 585 .,
286 542 354 578 istis
374 541 592 589 potestatibus
628 536 732 574 sanai
763 538 886 584 poenis
901 534 1014 570 affecti
1031 545 1062 569 et
1081 535 1187 569 necati
1205 534 1291 572 sunt.
1346 536 1452 581 Quod
1469 538 1535 578 ait,
1562 535 1711 581 ideoque
1723 533 1852 570 necessi-

253 619 260 634 ,
289 604 352 628 tate
374 591 500 627 subditi
518 589 638 630 estote,
666 588 706 623 ad
726 588 792 622 hoc
812 586 917 626 valet,
945 595 982 619 ut
1002 583 1249 629 intelligamus,
1280 586 1359 631 quia
1379 583 1504 621 necesse
1531 584 1576 620 est
1593 596 1739 632 propter
1765 584 1852 618 hane

240 668 260 684 „
289 645 391 677 vitam
412 640 561 675 subditos
581 650 644 673 nos
666 636 728 672 effe
748 647 926 682 oportere,
955 646 1024 668 non
1047 633 1247 676 resistentes,
1273 634 1297 670 fi
1323 635 1406 680 quid
1433 635 1482 669 illi
1507 633 1642 670 auferre
1668 634 1854 673 voluerint,

239 709 262 734 ς,
286 693 322 726 in
346 704 414 738 quo
433 690 490 724 {ibi
510 687 654 735 potestas
673 687 747 721 data
758 685 802 720 est
819 686 858 720 de
876 682 1120 729 temporalibus
1141 685 1261 723 rebus,
1290 697 1374 730 quae
1391 686 1553 729 quoniam
1571 683 1758 724 transeunt,
1778 681 1856 717 ideo

234 767 261 784 ‚,
287 742 393 775 erista
412 738 574 786 subjefftio
595 749 662 772 non
682 737 714 770 in
737 735 836 770 bonis
861 732 949 778 quasi
968 731 1216 777 permansuris,
1245 733 1299 768 sed
1318 735 1352 768 in
1380 731 1568 768 necessariis
1595 733 1674 769 huic
1705 732 1856 778 tempori

237 816 258 832 ,‚
286 788 518 826 constituenda
538 786 595 822 est.
643 787 776 819 Tamen
796 784 957 827 quoniam
977 782 1081 814 dixit·-
1107 781 1291 817 neceffitate
1313 782 1439 816 subditi
1465 781 1586 823 estote,
1614 795 1654 817 ne
1680 782 1756 828 quis
1784 787 1855 816 non'

239 866 259 882 „
286 840 422 885 integro
439 839 552 872 animo
574 846 603 868 et
623 845 711 880 pura
730 830 914 866 dilectione
933 828 1088 863 subditus
1108 827 1211 864 fuerit
1230 828 1431 877 hujusmodi
1453 829 1692 876 potestatibus,
1726 829 1858 865 addidit

239 915 261 932 „
289 889 418 927 dicens,
446 899 513 921 non
532 883 641 919 solum
659 891 805 928 propter
822 881 927 919 iram,
954 877 1007 912 sed
1029 888 1060 912 et
1087 890 1230 925 propter
1255 879 1510 920 conscientiam,
1548 879 1584 914 id
1604 878 1667 917 est,
1702 890 1772 913 non
1801 877 1858 913 'so-

240 964 262 980 ,‚
290 939 362 973 lum
377 936 417 971 ad
438 937 521 970 iram
541 931 745 967 evadendam
763 954 772 968 ‚
800 928 894 977 quod
912 925 1022 974 potest
1041 928 1141 962 etiam
1161 927 1313 963 fimulate
1332 927 1406 963 fieri
1425 941 1434 971 ς
1467 927 1523 963 sed
1549 939 1586 964 ut
1603 929 1638 963 in
1657 938 1714 963 tua
1733 925 1860 963 consci-

242 1014 262 1029 ,‚
291 988 377 1022 entia
396 996 506 1020 certus
529 981 567 1017 fis
581 1008 588 1022 ,
603 981 694 1016 illius
715 977 896 1014 dileE‘tione
915 989 946 1012 te
965 974 1091 1017 facere,
1119 979 1174 1013 cui
1193 977 1347 1013 subditus
1365 976 1491 1020 fueris,
1525 977 1606 1026 juss‘a
1636 977 1769 1012 domini
1795 977 1863 1013 tuig.

241 1040 288 1072 Ita
308 1033 516 1081 Augustinus
538 1031 642 1066 solide
657 1041 688 1064 et
707 1028 897 1064 luculenter
915 1024 1129 1061 affer-tionem
1149 1025 1298 1063 nostram
1319 1040 1356 1062 ex
1374 1026 1551 1074 scripturis
1570 1026 1705 1067 astruit,
1735 1037 1766 1062 et
1784 1031 1860 1062 omi

242 1090 300 1122 nia
315 1083 585 1121 adversariorum
605 1079 730 1126 effugia
747 1076 954 1124 praecludit(
997 1076 1091 1110 Idem
1109 1077 1254 1112 inculcat
1270 1077 1306 1112 in
1324 1075 1442 1112 Psalm.
1465 1089 1476 1111 1
1488 1089 1543 1120 24,
1562 1077 1616 1112 his
1634 1076 1757 1113 verbis,
1795 1074 1860 1111 llle

239 1161 260 1177 ,‚
288 1135 378 1171 forte
395 1135 522 1181 impius
542 1129 587 1166 est
608 1141 638 1165 et
656 1129 803 1173 iniquus,
830 1139 868 1162 tu
889 1137 1002 1161 autem
1021 1124 1129 1160 fidelis
1154 1136 1186 1160 et
1200 1125 1306 1175 justus
1318 1140 1330 1160 :·
1353 1126 1534 1173 indignum
1553 1125 1616 1168 est,
1645 1136 1683 1161 ut
1701 1124 1806 1173 justus
1823 1133 1858 1160 et

240 1212 258 1227 „
288 1184 398 1221 fidelis
420 1183 542 1218 serviat
559 1181 677 1225 iniquo
696 1189 727 1213 et
745 1176 894 1212 infideli:
923 1187 991 1210 non
1012 1175 1078 1210 hoc
1093 1175 1199 1214 dixit,
1221 1175 1276 1211 sed
1302 1178 1410 1222 magis
1433 1175 1571 1212 serviat..
1617 1174 1722 1220 Quod
1746 1185 1858 1210 autem

241 1261 260 1276 „
290 1236 357 1269 dixi
376 1233 415 1268 de
434 1233 576 1268 domino
595 1240 625 1265 et
640 1229 753 1264 servo,
782 1227 846 1261 hoc
863 1224 1041 1270 intelligite
1061 1224 1101 1259 de
1120 1224 1356 1271 potestatibus,
1386 1225 1547 1272 regibus,
1577 1236 1608 1260 et
1627 1225 1669 1260 de
1694 1223 1856 1259 omnibus

243 1310 262 1325 ‚,
293 1282 496 1318 culminibus
517 1280 621 1326 hujus
637 1277 776 1313 saeculi;
803 1274 986 1319 aliquando
1003 1275 1092 1307 enim
1111 1273 1288 1318 potestates
1307 1275 1416 1310 bonae
1434 1274 1510 1310 sunt
1530 1285 1562 1309 et
1578 1275 1699 1309 timent
1724 1275 1855 1313 Deum,

243 1359 263 1375 ‚,
290 1332 471 1376 aliquando
491 1341 558 1363 non
579 1329 709 1361 timent.
763 1324 918 1371 Julianus
939 1322 1044 1355 extitit
1062 1321 1209 1356 infidelis
1228 1324 1436 1367 imperator,
1464 1335 1578 1357 nonne
1594 1322 1701 1356 extitit
1726 1319 1855 1367 aposta·

241 1409 261 1423 ,‚
290 1394 322 1416 ta
340 1380 475 1425 iniquus
494 1390 522 1412 et
544 1374 746 1411 idololatra?
773 1371 903 1407 Milites
922 1369 1092 1404 christiani
1106 1369 1295 1404 servierunt
1313 1372 1513 1417 imperatori
1535 1369 1683 1408 infideli,
1711 1369 1770 1406 ubi
1797 1381 1856 1403 ve.

241 1457 261 1473 ,‚
289 1430 443 1466 niebatur
460 1428 500 1463 ad
517 1424 647 1462 causam
666 1420 811 1462 Christi,
838 1432 911 1455 non·
926 1418 1148 1464 agnoscebant
1166 1419 1230 1453 nifi·
1245 1432 1341 1461 eum,
1370 1421 1430 1464 qui
1448 1421 1484 1454 in
1504 1419 1597 1456 coelo
1608 1430 1687 1454 erat.
1742 1421 1858 1464 Quam

242 1506 263 1523 ,,
290 1481 333 1516 do
352 1477 502 1515 volebat,
529 1487 566 1510 ut
585 1473 676 1509 idola
692 1471 861 1510 colerent,
889 1479 926 1503 ut
942 1466 1202 1521 thurificarent,
1222 1468 1480 1514 praeponebant
1494 1468 1544 1504 illi
1559 1471 1689 1504 Deum:
1717 1467 1864 1513 quando-

242 1556 261 1573 „
288 1542 399 1565 autem
419 1526 572 1562 dicebat:
597 1521 778 1569 producite
795 1519 899 1553 aciem
911 1542 919 1557 ,
946 1527 991 1550 ite
1010 1527 1126 1550 contra
1143 1516 1235 1551 illam
1252 1528 1386 1562 gentem
1398 1543 1405 1557 ‚
1435 1515 1543 1552 statim
1560 1516 1855 1564 obtemperabant3

243 1605 266 1622 ‚‚
295 1576 544 1622 distinguebant
560 1572 739 1607 dominum
754 1578 928 1603 aeternum
941 1577 958 1600 a
975 1564 1118 1600 domino
1137 1565 1318 1612 temporali
1328 1592 1343 1607 ,-
1365 1569 1479 1602 tamen'
1493 1565 1620 1603 subditi
1639 1577 1733 1602 erant
1749 1578 1856 1614 prop-

243 1654 263 1672 „
291 1640 345 1663 ter.
363 1627 547 1662 dominum
566 1631 742 1656 aeternum
768 1617 911 1652 domino
929 1615 1129 1660 temporali..
1815 1618 1819 1621 ·

392 1673 586 1710 Concilium
600 1669 815 1704 'I'oletanum
832 1677 864 1708 4.
886 1677 913 1700 c.
933 1676 990 1708 75.
1021 1663 1140 1698 definit
1157 1675 1332 1708 nunquam
1351 1673 1383 1698 et
1401 1664 1495 1700 nulla
1513 1664 1555 1700 de
1577 1664 1673 1701 causa
1695 1664 1813 1700 fideles
1839 1671 1864 1700 a*

241 1727 442 1764 {aeramento
460 1721 597 1768 regibus
615 1716 773 1766 praestito
791 1714 920 1751 absolvi
939 1711 1041 1760 posse„
1095 1713 1164 1760 Post
1182 1713 1335 1758 instituta
1360 1715 1519 1760 quaedam
1543 1715 1738 1762 eccless'astici
1761 1714 1859 1750 ordi.

240 1781 309 1814 nis,
337 1777 392 1810 vel
410 1775 567 1809 decreta,
594 1769 754 1814 inquiunt
772 1765 873 1812 hujus
892 1763 1026 1798 concilii
1045 1775 1134 1798 anno
1152 1767 1231 1806 633.
1252 1762 1357 1796 habiti
1384 1774 1514 1808 patres,
1540 1776 1624 1812 quae
1641 1764 1687 1799 ad
1703 1774 1856 1812 quorum·

242 1827 317 1862 dam
333 1826 512 1872 pertinent
530 1820 754 1866 disciplinam,
773 1815 932 1861 postrema
949 1811 1044 1847 nobis
1060 1811 1183 1848 cunHis
1191 1811 1419 1856 sacerdotibus
1427 1814 1597 1858 sententia
1614 1813 1666 1859 est,
1677 1824 1742 1859 pro
1759 1810 1854 1848 robo-

243 1889 279 1912 re
296 1875 477 1919 nostrornm
495 1882 611 1918 regum
631 1877 663 1903 et
677 1866 862 1913 stabilitate
876 1865 993 1912 gentis
1006 1862 1186 1897 Gothorum
1202 1861 1396 1907 pontificale
1416 1864 1568 1897 ultimum
1580 1861 1643 1907 sub
1669 1861 1741 1897 Deo
1759 1860 1856 1907 judi-

244 1937 275 1960 ce
292 1928 392 1970 ferre
411 1923 585 1957 decretumz
638 1919 678 1952 Et
697 1914 773 1962 post
794 1912 898 1948 multa
918 1911 959 1945 de
977 1910 1187 1955 obligatione·
1200 1910 1353 1944 servandi
1372 1909 1571 1945 sacramenti
1593 1909 1729 1957 regibus
1756 1921 1855 1956 prae-

244 1974 329 2013 stiti,
358 1971 516 2006 sententia
535 1969 586 2003 his
606 1966 797 2011 concipitur
815 1961 944 1997 verbis:
975 1960 1184 2008 Quicumque*
1215 1971 1235 1992 a
1253 1958 1344 1993 nobis
1375 1962 1431 1994 vel
1448 1964 1553 1995 totius
1577 1960 1768 2006 Hispaniae
1795 1971 1854 2007 po-

239 2025 331 2072 pulis
352 2020 501 2069 qualibet
512 2018 744 2063 conjuratione
761 2014 816 2047 vel
825 2011 937 2058 studio
947 2012 1190 2054 sacramentum
1201 2007 1287 2050 fidei
1298 2011 1391 2052 suae,
1405 2007 1568 2056 quod-pro
1584 2011 1724 2057 patriae
1735 2009 1854 2056 gentis

247 2073 429 2108 Gothorum
442 2068 529 2112 statu
550 2067 603 2099 vet
620 2064 866 2108 conservatione
885 2062 1008 2106 regiae·
1020 2060 1134 2100 laturis
1151 2059 1320 2103 pollicitus
1350 2058 1409 2102 est,
1435 2061 1680 2098 temeraverit,
1716 2065 1777 2092 aut
1803 2066 1854 2091 re·

242 2134 319 2171 gem
336 2130 412 2154 nece
434 2117 648 2152 atrro-finit,
677 2121 736 2147 aut
751 2110 912 2156 potestate
933 2110 1039 2155 regni·
1051 2109 1185 2142 exuerit
1200 2115 1234 2140 et
1248 2108 1523 2153 praesumptione
1540 2107 1720 2155 tyrannica
1745 2107 1852 2154 regni

240 2171 422 2219 fastigium
438 2166 636 2211 usurparit,
664 2162 837 2196 anathema
853 2158 911 2204 fit,
939 2166 998 2192 etc.

397 2214 471 2251 Post
492 2214 578 2249 hanc
598 2212 794 2247 sententiam
813 2209 912 2243 tertio
930 2205 1183 2253 pronuntiatam
1204 2213 1236 2236 et
1253 2201 1292 2236 ab
1311 2202 1469 2238 omnibus
1492 2203 1691 2250 probatam,
1718 2200 1856 2237 additur

245 2266 433 2306 admonitio
449 2265 490 2301 ad
507 2274 622 2311 reges,
649 2261 691 2297 de
708 2259 831 2301 mod0‚
860 2269 930 2306 quo
947 2254 1118 2305 populum
1138 2264 1256 2300 regere
1269 2276 1279 2291 ‚
1308 2252 1471 2299 debeant3
1500 2251 1620 2289 deinde
1637 2253 1674 2287 in
1691 2262 1768 2291 eos,
1788 2251 1859 2296 qui.

1688 2310 1797 2350 tyran·

239 619 248 635 ²
