2023 2760
409 188 913 226 DISSERTATIONES
940 192 1311 231 HISTORICAE.
1576 205 1622 238 ᾖς’

64 289 177 325 capum
195 278 411 320 consecravit.
463 277 652 312 Prudenter
670 278 812 313 omnino
830 288 861 313 et
881 280 1052 315 moderate
1069 280 1102 316 se
1119 282 1211 327 gessit
1228 284 1283 320 hic
1299 283 1474 331 pontifex,
1503 294 1560 317 nec
1578 283 1671 316 enim<

63 326 210 362 ecclefiae
229 325 433 372 Lingonenfi
452 328 654 374 periclitanti
674 325 799 369 defuit,
836 341 898 364 nec
924 331 1179 376 metropolitani
1207 334 1281 381 jura
1308 336 1456 370 violavit.
1510 336 1605 368 Nam
1631 332 1665 363 in

61 375 230 422 ejusmodi
250 376 325 411 casu
344 388 423 411 cum
441 377 724 423 metropolitanus
743 388 861 413 contra
880 391 1025 414 canones
1045 392 1076 419 et
1102 381 1168 416 sine
1193 384 1300 429 plebis
1329 398 1363 419 ac
1395 383 1476 418 cleri
1502 379 1666 418 eieffione

59 424 257 472 episcopum
276 427 434 476 ordinat,
458 427 669 473 patriarchae
685 426 896 471 potifliinum
914 428 958 463 est
979 429 1129 465 ecciefiae
1158 431 1298 468 afflistae
1326 433 1521 472 subvenire,
1562 442 1592 465 et
1611 433 1666 474 ip-

58 473 128 510 sam
148 475 188 510 ab
209 477 330 520 iniquo
347 476 610 522 metropolitani
628 476 769 522 domino
791 472 978 520 vindicare,
1006 491 1083 514 cum
1098 480 1298 526 praesertim
1327 483 1522 518 admonitus
1553 481 1588 514 in
1615 490 1667 513 ea-

57 523 135 560 dem
152 526 363 560 contumacia
384 525 588 571 perseverat.

208 575 402 620 Gregorius
420 578 498 610 Vll.
518 575 558 610 ad
577 576 821 621 Maguntinum
840 576 1148 623 metropolitanum
1166 578 1281 614 scribit
1308 579 1366 615 lib.
1387 591 1416 623 3.
1437 592 1490 625 ep.
1513 592 1556 619 2.²
1583 577 1668 610 utin

56 622 172 658 locum
198 626 407 659 Herimanni
426 625 694 670 Bambeigenlis,
721 625 883 660 simoniae
902 625 1066 670 conviffl,
1093 640 1123 663 et
1144 628 1273 664 idcirco
1297 629 1331 663 in
1352 627 1485 676 synodo
1507 625 1667 673 depositi,

55 672 160 707 alium
178 672 349 719 pastorem
374 674 524 708 ecclesiae
547 674 783 720 Bambergenfi
798 674 979 721 praeficiat.

208 726 297 757 Ante
315 723 379 757 hos
394 723 561 758 Nicolaus
581 724 714 769 primus
732 725 766 758 in
788 725 886 761 simili
906 723 1001 760 causa
1017 725 1109 761 idern
1126 726 1293 773 judicium
1312 727 1446 763 tulerat.
1500 727 1538 759 In
1558 736 1608 769 ep.
1627 723 1668 756 ad

59 771 270 807 Hilduinum
291 776 347 816 65.
367 783 445 807 cum
462 774 552 807 enim
570 772 628 808 iste
645 773 917 809 Cameracensern
929 774 1095 810 ecclesiam
1114 776 1298 819 invaliffet3
1325 778 1364 812 ad
1383 789 1458 811 eum
1483 773 1597 810 scribit
1616 774 1667 817 ip-

56 820 132 856 sum
151 834 220 856 non
239 820 330 868 posse
347 821 549 868 episcopum
570 821 776 864 consecrari,
809 836 887 859 cum
916 825 1182 871 metropolitano
1208 828 1422 862 Rhemorum
1447 824 1672 872 provinciae*

55 871 112 906 eui
127 870 375 906 Cameracensis
390 871 520 907 ecclesia
541 870 689 920 subjeffia
707 884 794 913 erat,
823 873 957 909 nullum
975 874 1092 910 debeat
1108 876 1357 924 praejudicium
1371 876 1536 921 irrogari:
1574 871 1672 918 jubet

55 931 137 966 ergo
156 933 232 956 eum
250 921 450 965 quantocius
469 920 660 964 abscedere,
685 933 725 957 ut
743 922 845 970 possit
863 923 1042 970 episcopus
1059 938 1077 960 a
1092 926 1190 972 plebe
1209 927 1289 972 eligi
1305 937 1335 960 et
1351 925 1391 960 ab
1410 921 1673 969 archiepiscopo·

53 969 267 1006 Rhemorum
293 971 497 1007 consecrari.

204 1021 352 1066 Joannes
369 1023 466 1054 VHI.
485 1031 538 1066 ep.
558 1031 636 1064 243.
657 1022 915 1068 Hieronymum
939 1021 1184 1057 Lausanensem
1210 1036 1279 1070 pro
1293 1024 1454 1070 episcopo
1473 1017 1668 1057 incunffian·

55 1067 277 1113 teragnoscit‚
294 1080 333 1102 eo
345 1068 437 1112 quod
447 1068 488 1102 ab
501 1069 668 1113 episcopis
683 1068 896 1104 consecratus
913 1070 1020 1104 fuerit
1033 1073 1181 1121 proprio
1192 1072 1445 1119 archiepiscopo
1463 1068 1558 1104 causa
1571 1067 1665 1103 infir-

54 1117 178 1151 mitatis
198 1116 384 1163 praebente
404 1115 615 1152 consensum.
642 1116 733 1163 epist.
756 1128 834 1161 314.
855 1119 1087 1155 Hincmarum
1104 1121 1282 1164 hortatur,
1308 1134 1345 1157 ut
1369 1117 1582 1157 Laudunenfi
1610 1128 1665 1151 ec-

54 1165 171 1202 defiae
185 1166 350 1200 idoneum
361 1165 535 1211 praeficiat
544 1165 756 1211 episcopum.

203 1214 297 1248 1dem
315 1225 397 1247 cum*
412 1212 542 1247 ecclesia
563 1213 768 1247 Genevenfis
789 1212 867 1246 effer
882 1214 1015 1259 pastore
1036 1216 1176 1253 orbata,
1206 1228 1241 1252 et
1264 1220 1446 1251 Oteramus
1462 1212 1666 1250 Viennensis

55 1260 235 1309 episcopus
255 1261 360 1296 nollet
370 1260 570 1307 Optaudsum
588 1259 738 1294 elessum»
752 1261 929 1301 ordinare,
957 1261 1071 1307 ipsum
1089 1263 1276 1304 ordinavit,
1299 1266 1396 1308 salvo
1415 1264 1566 1308 deinceps
1584 1263 1666 1307 ejus—

53 1313 124 1347 dem
143 1313 207 1347 loci
221 1312 410 1359 privilegio
429 1311 588 1358 antiquae
601 1313 766 1356 propriae
783 1312 989 1358 metropolis,
1041 1313 1137 1347 Haec
1155 1312 1323 1348 habentur
1343 1312 1376 1345 in
1399 1310 1538 1357 epistola
1560 1312 1668 1355 Joan-

52 1360 296 1401 nis,281.hunc
309 1359 507 1406 Optandurn
520 1361 701 1394 oteramus
729 1372 798 1394 non
824 1360 930 1396 modo
941 1373 1011 1395 non
1022 1362 1169 1407 recepit,
1197 1361 1250 1397 sed
1264 1363 1340 1397 etin
1359 1371 1526 1396 carcerem
1542 1359 1666 1404 conjici

54 1411 198 1451 curavit,
228 1420 440 1457 quapropter
455 1407 628 1444 incusatur
649 1421 680 1443 et
697 1410 819 1444 citatur
836 1410 877 1444 ad
896 1408 1066 1456 synodum
1083 1424 1101 1445 a
1118 1413 1248 1458 Joanne
1268 1424 1318 1457 ep.
1341 1423 1422 1454 292.
1440 1409 1555 1444 addito
1569 1420 1664 1442 mano

52 1460 151 1501 dato,
183 1459 426 1506 utOptandum
443 1459 609 1493 emitteret
630 1470 646 1491 e
667 1469 815 1498 carcere,
843 1460 877 1493 ni
895 1459 930 1493 id
949 1457 1072 1494 faceret
1101 1462 1482 1496 excommunicationem
1508 1459 1666 1492 intermi-

52 1520 166 1545 natus..
212 1511 283 1544 His
314 1521 383 1544 non
410 1519 527 1543 motus
545 1509 726 1542 Oteramus
749 1506 854 1543 aliurn
876 1508 1075 1555 epistopum
1098 1509 1293 1547 Genevenfi
1315 1507 1468 1546 ecclefiae
1491 1505 1672 1554 praeficit,

35 1571 119 1605 ,qua
136 1559 178 1593 de
193 1558 287 1594 causa
304 1557 452 1604 graviter
470 1556 638 1591 incusatur
664 1556 844 1591 abeodem
876 1569 927 1603 ep.
948 1571 1028 1603 295.

199 1607 363 1643 Urbanus
380 1609 425 1642 11.
444 1607 479 1640 in
499 1617 556 1652 ep,
569 1605 611 1639 ad
627 1605 825 1640 Richerium
842 1607 1068 1644 Senonensem
1087 1608 1379 1655 archiepiscopum
1391 1609 1534 1642 lvonern
1544 1603 1575 1639 se
1586 1616 1672 1638 cone

52 1655 185 1692 sectasse
200 1655 314 1692 scribit
332 1654 532 1702 episcopum
556 1653 797 1689 Carnotensern
810 1680 818 1694 ‚
846 1657 986 1701 eoquod
1005 1657 1072 1698 ille,
1091 1659 1130 1693 ad
1150 1671 1251 1704 quem
1273 1657 1405 1694 scribit,
1432 1652 1537 1689 eleeto
1552 1656 1661 1688 aCar‘⁴

52 1705 238 1753 notenfibus
253 1707 418 1753 antzstiti‚
445 1717 514 1740 cum
532 1703 572 1739 ab
593 1716 629 1739 eo
645 1705 895 1749 consecrationis
913 1708 1066 1753 gratiam
1088 1709 1302 1755 petiviffent,
1335 1718 1463 1741 manum
1490 1707 1669 1751 imponere·

53 1755 243 1801 recusaffet.
297 1753 476 1790 Pontifices
493 1753 544 1788 illi
560 1754 661 1788 inviti
681 1765 713 1787 et
731 1752 913 1789 neceffirate
930 1766 1071 1800 cogente
1091 1758 1323 1792 ordinationes
1349 1753 1591 1801 episcoporum
1608 1750 1661 1786 fa-

53 1816 127 1840 cere
143 1803 178 1839 se
192 1803 484 1850 protestabantur,
512 1815 569 1837 nec
587 1802 754 1838 audebant
770 1802 855 1837 illud
875 1804 927 1850 jus
945 1803 1003 1838 sibi
1022 1803 1091 1839 fine
1106 1805 1220 1850 aliqua
1238 1805 1402 1852 peculiari
1428 1801 1525 1838 causa
1550 1800 1660 1836 vindi-

49 1866 135 1889 care.
186 1856 369 1889 Innumera
386 1853 448 1888 alia
463 1851 584 1888 referri
603 1851 734 1899 poffent
748 1853 897 1899 exempla
905 1878 921 1891 ‚-
942 1851 996 1888 sed
1007 1853 1085 1888 haec
1099 1854 1234 1890 abunde
1251 1853 1490 1893 demonstrant,
1506 1852 1664 1897 primam

52 1915 88 1938 ac
105 1904 331 1949 praecipuam·
347 1902 693 1949 metropolitanorum
714 1901 909 1949 potestatem
927 1904 963 1938 in
982 1903 1198 1940 ordinatione
1209 1904 1445 1951 episcoporum
1461 1899 1666 1949 provinciae

49 1951 244 1989 consistere..

203 2002 357 2037 Alterum
377 2000 531 2047 ipsorum
549 2000 602 2048 jus
631 2001 666 2034 in
685 1999 843 2036 facultate
868 2000 1084 2037 convocandi⁷
1108 2003 1241 2038 concilii
1265 2003 1463 2048 provinciae
1476 1998 1573 2035 ficum
1599 1996 1656 2033 est.

53 2053 142 2086 Cum
165 2053 255 2087 enim
275 2049 503 2086 ecclesiasticae
521 2051 717 2096 provinciae
735 2052 869 2096 negotia
887 2052 919 2085 in
941 2063 1125 2086 commune
1145 2050 1384 2092 trassarentur,
1419 2052 1463 2085 ita
1487 2060 1596 2084 tamen
1619 2057 1658 2083 ut

53 2099 123 2135 fine
138 2100 298 2148 episcopo
318 2099 585 2146 metropolitano
603 2099 688 2134 nihil
708 2098 780 2135 fieri
800 2098 927 2147 poffet:
954 2101 1044 2136 illius
1060 2098 1128 2136 fuit
1141 2101 1254 2136 locum
1270 2113 1300 2137 et
1317 2113 1451 2147 tempus
1471 2097 1594 2147 synodi
1609 2099 1657 2132 in-

55 2150 183 2190 dicere,
211 2162 242 2186 et
259 2150 301 2185 ad
323 2162 395 2185 eam
415 2149 592 2195 episcopos
611 2150 809 2195 provinciae
825 2162 1028 2191 convocare,
1058 2151 1149 2195 quod
1175 2152 1289 2186 minus
1311 2148 1397 2186 reste
1423 2148 1463 2185 ab
1491 2148 1558 2184 alio
1582 2145 1661 2181 fieri

55 2198 224 2243 potuisset.
252 2224 254 2226 v
278 2202 359 2235 Hoc
380 2211 463 2245 ergo
481 2199 533 2245 jus
553 2201 651 2233 etiam
674 2210 757 2234 ante·
767 2200 950 2237 concilium
971 2201 1164 2238 Nic-aenum
1181 2200 1488 2249 metropolitanum
1514 2210 1555 2232 ex·
1578 2202 1658 2232 con*-

55 2245 226 2286 &nundine
248 2238 401 2286 habuisse«
418 2247 701 2287 verisimillimum
725 2247 780 2287 est.
1558 2297 1606 2335 At
