2023 2760
393 216 901 252 DlSSERTATIONES
940 219 1305 258 HISTORICAE,
1615 237 1655 270 59

93 317 241 352 copum,
270 303 365 341 testes
390 306 466 341 sunt
484 305 617 340 centum
636 315 750 352 patres
769 316 808 339 ex
827 308 986 354 Aegypto
1007 306 1179 345 universa,
1213 309 1650 358 Abi-andriaeveongregati
1664 317 1702 350 'in

91 354 232 402 epistola
251 354 305 390 sua
321 355 413 401 apud
434 355 646 390 Athanasium
667 354 755 401 apol.
780 367 811 389 2.
830 367 908 402 pag.
932 360 1010 401 565.
1031 358 1190 397 editionis
1210 361 1479 398 Comme-*lionam
1507 365 1702 403 etArianos,

89 406 150 450 qui
168 406 239 452 ejus
260 405 515 440 οῑάἰν-αιιυηςῐη
535 405 723 440 clanculum
745 417 763 439 a
781 403 833 439 sex
851 418 909 440 aut
928 405 1055 451 septem
1073 407 1242 454 episcopis
1260 407 1382 444 fafilam
1403 410 1462 445 effe
1481 412 1704 447 criminaban-

89 466 162 495 tur,
191 455 360 490 mendacii
378 465 534 500 arguunt.
586 454 699 502 Julius
719 454 799 488 item
819 456 853 488 in
879 455 1019 502 epistola
1045 456 1101 492 sua
1123 460 1298 502 queritur,
1334 459 1366 493 in
1391 460 1502 495 locum
1532 461 1704 497 Athanaffi

90 505 302 550 Gregorium
322 502 383 539 eise
402 515 515 539 contra
539 515 681 538 canones
699 502 918 540 constitutum
939 504 1140 551 episcopum
1160 506 1396 547 Alexandriae,
1426 522 1485 544 nec
1503 510 1631 555 aplebe
1641 523 1702 557 po·

87 553 267 591 stulatum,
298 565 358 588 nec
374 553 414 588 ab
434 553 601 599 episcopis
620 554 770 602 Aegypti
788 554 1002 596 ordinatum,
1030 552 1086 589 sed
1104 555 1187 589 illuc
1207 555 1341 591 missum
1359 557 1399 590 ab
1425 561 1592 593 extraneis
1618 560 1702 606 epis-

87 604 186 650 copis
206 603 347 649 triginta
363 603 596 638 mansionibus
613 603 652 637 ab
671 603 757 637 urbe
776 602 981 638 Alexandria
1002 602 1128 639 diffitis.
1181 607 1326 640 Mortuo
1350 606 1530 641 Athanafio
1557 607 1704 644 succeffit
1732 618 1736 621 '

89 656 208 688 Petrus
221 679 228 691 ‚
257 653 293 687 in
312 653 407 699 cujus
425 652 641 687 ordinatione
659 650 738 686 teste
756 652 979 688 Theodorito
996 651 1052 688 lib.
1071 665 1106 695 4.
1133 665 1202 699 cap.
1243 660 1299 690 26.
1322 655 1425 690 vicini
1450 655 1603 703 episcopi
1627 659 1703 692 Ale-

89 702 266 740 xandriam
285 700 534 737 confluxerunt.
587 699 664 736 Post
680 700 806 737 multos
831 714 939 738 annos
969 703 1161 738 Proterium
1188 703 1424 750 praesentibus
1444 705 1612 752 episcopis
1640 711 1704 744 Ae-

87 752 218 800 gyptiis
237 750 435 797 episcopum
454 749 515 787 effe
533 751 729 787 ordinatum
747 751 884 787 testatur
894 752 1071 788 Liberatus
1088 753 1122 786 in
1133 755 1309 790 Breviario
1336 766 1409 801 cap.
1433 767 1487 798 15.
1543 755 1704 792 Similiter

88 804 237 850 Joannes
254 803 290 835 T
291 801 373 835 alaia
389 800 565 836 ordinatus
584 800 707 836 dicitur
730 800 771 836 ab
791 800 977 847 episcopis,
1005 801 1136 837 clericis
1153 814 1184 838 et
1205 804 1383 839 monachis
1400 805 1562 853 Aegypti.
1606 806 1702 842 Idem

82 850 238 898 *scriptor
255 851 463 885 mentionem
481 848 607 886 faciens
624 850 854 886 ordinationis
874 851 1083 890 Theodosii,
1111 854 1170 897 qui
1186 853 1378 889 Timotheo
1394 854 1705 890 Alexandrino‘suc-

80 899 194 942 ,ceffit,
221 898 263 934 fic
281 898 438 935 describit
453 899 598 935 modum
618 900 874 935 inthronizandi
893 901 1144 948 archiepiscopi
1170 903 1388 938 Alexandrini
1412 916 1439 939 c.
1461 916 1517 940 20.
1570 905 1705 950 Confite-

88 950 190 988 tudo,
216 950 348 994 inquit,
375 949 417 995 est
435 950 671 985 Alexandriae
681 951 783 987 illum,
805 953 863 996 qui
881 951 1042 997 defunflo
1056 952 1222 996 succedit,
1258 952 1409 987 excubias
1420 955 1526 1000 fieper
1551 950 1706 999 defunssi

89 1011 210 1046 corpus
230 1010 336 1046 agere
350 1011 542 1045 manumque
561 999 735 1032 dexteram
755 1001 823 1044 ejus
840 1003 948 1044 capiti
966 1012 1151 1045 imponere,
1181 1012 1219 1037 ut
1235 1002 1400 1036 videatur
1415 1002 1566 1037 manibus
1573 1006 1642 1045 suis
1653 1016 1703 1037 ac·
1753 1001 1765 1009 “’

90 1051 202 1094 cipere
219 1049 296 1081 collo
307 1048 366 1091 suo
391 1048 429 1081 B.
448 1047 571 1081 Marci
587 1048 745 1091 pallium,
777 1048 863 1092 etfic
889 1049 1043 1091 legitime
1057 1049 1182 1092 sedere
1239 1052 1335 1093 Quae
1356 1050 1544 1095 sequuntur
1565 1051 1702 1085 ordina-

89 1097 200 1131 tiones
223 1093 466 1141 episcoporum
483 1093 811 1133 Alexandrinorum,
841 1095 935 1128 Pauli
953 1094 1076 1130 scilicet
1088 1121 1095 1135 ,
1123 1097 1213 1131 Zoili
1229 1110 1262 1132 et
1282 1098 1505 1144 Apollin'arii‚
1541 1111 1630 1135 extra
1647 1112 1703 1134 or-

91 1144 206 1182 dinem
225 1141 333 1179 faGae
352 1143 446 1183 sunt,
474 1155 510 1177 ac
526 1143 675 1188 proinde
692 1155 762 1177 non
782 1141 919 1188 possunt
939 1145 973 1177 in
1002 1144 1195 1189 exemplum
1218 1147 1316 1182 trahi.

238 1192 469 1227 Antiochenae
505 1190 654 1224 ecclefiae
689 1190 820 1234 praesul
849 1192 1006 1225 ordinari
1040 1192 1166 1227 solebat
1200 1195 1240 1228 ab
1265 1195 1435 1240 'episcopis
1463 1197 1618 1231 orientis:
1649 1198 1702 1232 Sic

91 1244 251 1278 Domnus
282 1239 327 1274 ¹ab
359 1237 514 1273 universa
550 1236 680 1284 synodo
715 1237 955 1282 episcoporum
992 1240 1133 1272 orientis
1159 1243 1363 1276 Antiochiae
1397 1255 1612 1296 congregata,
1632 1245 1705 1280 sub-

87 1290 159 1326 lato
195 1288 297 1324 Paulo
348 1286 563 1322 Samosateno
588 1310 596 1322 ‚
647 1285 824 1331 episcopus
873 1284 918 1319 est
953 1286 1150 1327 ordinatus,
1202 1299 1242 1323 ut
1268 1289 1364 1323 testes
1403 1290 1478 1324 sunt
1514 1293 1573 1336 ipsi
1603 1294 1705 1339 hujus

89 1339 214 1387 synodi
237 1349 347 1385 patres
371 1339 404 1371 in
435 1349 486 1382 ep.
511 1335 568 1370 sua
597 1335 743 1381 encyclia
768 1334 858 1380 apud
888 1333 1008 1370 Euseb.
1036 1335 1093 1369 lib.
1125 1349 1155 1379 7.
1183 1349 1208 1373 c.
1240 1349 1293 1381 37.
1323 1337 1518 1374 Eustathius
1544 1341 1583 1374 ad
1614 1354 1705 1376 eam-

93 1389 170 1424 dem
190 1387 300 1423 sedem
320 1384 453 1421 evessus
472 1384 584 1420 fuerat
601 1386 777 1419 communi
795 1383 1034 1430 episcoporum
1054 1387 1209 1421 omnium
1226 1384 1408 1432 suffragio,
1446 1388 1522 1423 teste
1537 1390 1704 1425 Theodo-

92 1439 160 1474 rito
178 1437 237 1473 lib.
265 1449 294 1472 1.
318 1448 344 1471 c.
363 1449 395 1481 7.
424 1433 597 1471 Eustathio
617 1431 745 1479 dejeffl
763 1433 921 1479 suffragia
945 1433 1182 1481 episcoporum
1209 1437 1243 1470 in
1272 1436 1452 1472 Eusebium
1475 1438 1701 1481 inclinabant,

92 1487 151 1523 sed
174 1489 360 1533 imperator
384 1486 426 1519 ad
449 1485 518 1531 ejus
542 1494 659 1529 preces
685 1482 719 1515 id
749 1484 856 1518 vetuit
881 1483 1035 1529 juliitque
1060 1483 1242 1531 episcopis,
1295 1498 1332 1521 ut
1359 1486 1462 1521 alium
1486 1488 1704 1529 ordinarent,

94 1536 188 1584 quod
211 1548 241 1571 et
259 1535 421 1571 fecerunt.
477 1533 528 1568 Ad
547 1530 776 1567 ordinandum
792 1532 973 1568 Meletium
994 1532 1174 1579 episcopos
1193 1548 1231 1569 ex
1248 1534 1386 1570 diversis
1418 1538 1607 1581 provinciis
1624 1549 1706 1573 vota

94 1586 152 1622 {ua
171 1583 346 1621 contulisse
373 1582 460 1619 testis
479 1581 524 1615 est
549 1580 788 1616 Theodoritus
808 1581 866 1617 lib.
887 1594 916 1616 2.
933 1594 960 1618 c.
983 1593 1037 1626 31.
1066 1583 1205 1619 Nullibi
1220 1597 1301 1619 vero
1319 1584 1474 1619 disertius
1496 1584 1705 1624 describitur,

95 1648 165 1680 quo
184 1633 284 1681 pasto
301 1631 375 1667 fieri
393 1630 613 1667 consuevisset
633 1630 802 1664 ordinatio
821 1630 970 1676 episcopi
989 1633 1214 1673 Antiocheni‚
1245 1646 1347 1678 quam
1374 1635 1407 1667 in
1428 1633 1567 1679 epistola
1593 1636 1706 1670 conci-

95 1681 518 1727 liiConstantinopolitani
535 1680 623 1724 apud
644 1679 902 1717 Theodoritum
931 1680 988 1715 lib.
1017 1686 1088 1725 5.'c.
1111 1695 1139 1727 9.
1170 1683 1411 1731 antiqmffimae
1430 1695 1506 1717 vero
1542 1696 1706 1732 veraeque

96 1733 288 1780 apostolicae
305 1730 569 1775 Antiochenfium
588 1732 623 1763 in
640 1729 743 1775 Syria
770 1728 931 1774 ecclesiae,
970 1732 1006 1764 in
1033 1743 1096 1778 qua
1114 1733 1339 1768 venerandum
1368 1732 1622 1778 christianorum
1646 1747 1705 1768 no-

82 1786 169 1818 'men
184 1784 332 1827 primum
344 1783 495 1814 innotuit
507 1804 514 1817 ,
545 1777 842 1824 reverendiffimrtm
863 1787 893 1812 et
912 1778 1177 1826 religiofiffimum
1194 1781 1411 1820 Flavianum,
1438 1790 1508 1815 tum
1526 1783 1617 1816 illius
1628 1795 1706 1829 pro-

96 1834 249 1868 vinciae,
288 1838 356 1865 turn
384 1830 560 1864 orientalis
589 1828 737 1872 dioecests
761 1829 905 1874 episcopi
930 1829 966 1862 in
993 1840 1091 1862 mium
1120 1833 1324 1878 congregati
1356 1834 1516 1865 commum·
1533 1831 1707 1880 suffragio

97 1882 277 1928 episcopum
295 1879 517 1915 ordinarunt,
545 1877 703 1921 universa
721 1878 846 1921 ecclefia
873 1879 1031 1911 communi
1054 1880 1208 1923 consensu
1226 1880 1366 1927 esquast
1382 1891 1446 1914 uno
1465 1892 1519 1915 ore
1529 1892 1597 1915 eum
1608 1881 1709 1915 lamo-

99 1932 212 1966 rante.
1450 1934 1453 1935 ⁷

247 1976 322 2013 Ubi
343 1975 455 2016 vides,
473 1973 722 2009 Antiochenum
740 1973 924 2020 praesulem
944 1986 1011 2008 non
1033 1973 1141 2010 solum
1165 1975 1205 2010 ab
1225 1976 1392 2023 episcopis
1414 1977 1626 2023 provinciae,
1655 1977 1707 2013 sed

100 2038 133 2063 et
148 2026 189 2062 ab
207 2027 280 2062 aliis
301 2024 488 2072 episcopiS,
515 2024 658 2064 aliarum
678 2025 765 2058 intra
783 2024 870 2057 illins
893 2023 1069 2059 dioeceffim
1086 2026 1343 2070 provinciarum
1369 2024 1467 2061 fuisse
1491 2027 1707 2068 ordinatum.

100 2078 222 2123 quain
246 2088 282 2110 re
299 2075 405 2109 elucet
430 2073 662 2120 patriarchalis
687 2072 772 2108 sedis
799 2073 952 2118 dignitus,
1005 2076 1098 2108 Nam
1131 2074 1458 2123 Hierosolymorum
1488 2075 1709 2122 episcopum,

102 2128 162 2172 qui
181 2125 336 2161 nondum
353 2134 423 2158 erat
440 2123 646 2169 patriarcha,
683 2135 754 2158 non
779 2135 797 2157 a
821 2121 1010 2157 dioeceseos
1038 2122 1092 2157 sed
1117 2136 1246 2159 tantum
1273 2137 1289 2158 a
1318 2126 1512 2170 provinciae
1539 2125 1707 2170 episcopis

65 2192 86 2208 x
101 2175 301 2212 ordinatum
317 2172 414 2208 fuisse
432 2173 538 2208 statim
557 2172 685 2207 dicunt.
736 2173 1064 2218 Hierofhl'ymitiz‘nae
1075 2178 1199 2212 autem,
1236 2175 1411 2217 inquiunt,
1438 2174 1598 2221 ecclesiae,
1627 2187 1711 2221 quae

80 2232 213 2260 *maret-
229 2225 271 2267 eli
290 2226 430 2258 omnium
448 2222 646 2269 ecclesiarum
666 2221 963 2269 reverendiffimum
986 2235 1022 2255 ac
1041 2222 1310 2270 'religiofiffimum
1342 2226 1500 2270 Cyrillum
1527 2226 1710 2270 episcopum

104 2274 382 2318 ffl'ejudicamus,
410 2275 469 2319 qui
487 2274 637 2306 canonice
653 2269 693 2304 ab
712 2272 870 2316 episcopis
882 2273 1077 2321 provinciae
1095 2275 1257 2317 olimfuit
1275 2273 1451 2307 ordinatus
1514 2274 1621 2306 Porro
1640 2273 1712 2306 lau-

106 2320 222 2356 datam
237 2333 255 2356 a
274 2321 405 2369 synodo
425 2319 607 2356 ordinandi
624 2319 836 2367 patriarchae
851 2318 1216 2356 Antiocheniforrnam
1234 2320 1397 2368 adprobat
1410 2321 1602 2366 Simplicius
1618 2334 1711 2372 pon-

904 2371 943 2405 Η
972 2381 989 2401 2
1584 2372 1621 2387 ⁷¹³1.
1634 2388 1637 2389 γ
