1961 2718
249 194 320 230 330
470 177 542 214 DE
573 174 848 219 ANTIQVA
881 170 1167 209 ECCLESIAE
1202 169 1530 209 DISCIPLINA

349 270 393 304 Et
409 266 484 303 sane
501 267 675 302 decretum
692 263 733 299 de
753 262 933 299 autoritate
949 259 1086 296 concilii
1105 258 1274 307 generalis
1291 257 1395 306 supra
1411 270 1539 307 papam
1566 262 1669 299 etiam
1697 262 1738 298 ad
1763 265 1819 298 re²

202 318 447 358 formationem
474 315 676 352 ecclefiaein
695 315 807 360 capite
826 313 910 348 etin
938 309 1102 345 membris
1126 310 1282 345 unanimi
1315 306 1455 355 patrum
1482 313 1620 348 concilii
1651 311 1818 349 consensu

203 369 330 406 fastam
347 367 463 411 fuisse,
491 367 622 414 semper
638 364 730 411 apud
755 373 873 399 omnes
891 359 1122 396 indubitatum
1143 357 1227 394 fuit.-
1254 358 1296 395 fic
1314 357 1426 395 Gerso
1445 371 1559 405 patres
1581 362 1717 398 concilii
1739 362 1820 397 allo-

205 432 314 468 quens
330 420 363 453 in
383 417 558 454 sermone,
587 427 691 461 quem
711 413 831 448 habuit
849 422 966 446 coram
985 409 1065 456 ipsis
1083 411 1118 444 in
1136 406 1222 444 festo
1241 406 1346 444 sanEti
1371 410 1531 450 Antonii,
1564 412 1699 446 concilii
1727 413 1821 447 Con.

205 468 388 506 stantiensis
409 467 583 503 decretum
600 463 723 504 laudat,
742 464 776 497 in
796 473 866 508 quo
885 461 964 495 haec
982 458 1084 495 verba
1099 459 1329 505 reperiuntur,
1355 467 1389 494 et
1407 458 1453 493 ad
1471 461 1749 504 reformationem
1776 473 1824 496 ec-

207 519 317 567 clefiae
338 527 371 554 et
389 520 426 553 in
445 519 555 564 capite
571 524 603 551 et
621 517 658 549 in
673 512 849 556 membris3
875 510 1026 554 itemque
1043 509 1077 543 in
1094 507 1252 544 sermone
1270 507 1386 543 habito
1408 519 1464 544 21.
1481 509 1566 555 Julii
1583 510 1638 545 die
1655 510 1746 545 idem
1766 509 1825 545 de.

206 580 338 605 cretum
354 566 505 613 impense
521 563 645 605 laudat,
663 574 762 607 atque
780 559 1042 596 saluberrimum
1058 557 1145 593 illud
1169 556 1232 593 effe
1251 569 1282 593 et
1306 558 1470 603 dignum,
1500 559 1592 604 quod
1621 559 1747 604 ubique
1774 561 1827 594 in-

210 617 388 654 scribatur.
440 616 586 655 Siccine,
615 610 758 658 quaeso,
784 610 825 646 de
842 609 976 645 decreto
990 606 1214 644 controverso
1232 619 1289 643 aut
1307 607 1483 655 supposito
1503 619 1620 645 coram
1645 608 1728 656 ipfis
1746 621 1825 645 con-

207 668 276 705 cilii
293 665 448 714 patribus
469 662 581 700 Gerso
599 661 698 698 ausus
714 658 829 696 fuisset
850 658 1042 706 proloqui?

357 713 496 749 Transit
515 713 636 749 deinde
652 710 872 747 schelstratus
900 707 943 743 ad
969 706 1106 743 concilii
1131 704 1395 742 Constantieniis
1421 708 1456 742 in
1481 706 1626 742 decretis
1648 707 1719 743 istis
1748 719 1827 744 con·

212 765 331 802 dendis
352 765 566 799 autoritatem
579 788 587 803 ‚
615 771 759 804 eamque
775 759 885 793 tribus
904 756 1010 792 elevat
1028 755 1216 791 rationibus
1232 780 1241 796 ‚
1268 758 1421 801 primum
1441 759 1521 801 quia
1547 757 1680 793 decreta
1698 770 1716 793 a
1742 770 1827 793 con-

211 816 291 851 cilio
311 813 369 849 sub
388 826 456 847 una
473 810 668 847 obedientia
687 808 829 855 Joannis
849 807 973 840 xxm.
1000 804 1075 838 sunt
1092 804 1236 840 condita.
1289 805 1462 845 Secundo,
1491 806 1570 850 quia
1587 806 1682 841 aliter
1699 805 1828 843 sensisse

209 865 374 902 videntur
390 873 503 908 patres
519 858 596 906 post
614 869 679 894 tres
698 855 916 892 obedientias.
966 856 1003 888 T
1005 854 1111 893 ertio,
1138 854 1219 898 quia
1235 852 1367 887 decreta
1394 853 1472 889 'naec
1495 855 1610 889 minus
1638 856 1830 901 approbata

210 915 304 955 sunt,
331 924 387 947 aut
412 923 540 947 tanturn
563 909 606 944 ad
631 918 768 954 tempus
793 902 978 940 schismatis
1003 900 1167 939 eonseEia.
1220 903 1316 938 Haec
1338 900 1435 945 sunt,
1470 915 1556 949 quae
1577 903 1676 939 nobis
1692 917 1731 940 ex
1757 906 1832 954 ejus

210 964 299 1000 libro
314 960 493 998 refutanda
509 957 711 1005 supersunt,
738 955 837 1000 quod
854 953 1002 989 breviter
1019 951 1278 999 praestabimus.

362 1012 416 1047 Ad
434 1011 586 1057 primurn
604 1008 771 1043 dicimus,
797 1003 983 1040 concilium
1009 1003 1082 1038 vim
1099 1013 1133 1037 et
1157 1002 1375 1037 autoritatem
1403 1000 1592 1039 suamAnon
1618 1002 1768 1040 habuisse
1791 1017 1835 1040 ex

212 1062 416 1099 obedientiis
432 1061 539 1096 trium
566 1055 790 1105 pontificum,
819 1054 950 1100 quippe
983 1054 1131 1100 Joannes
1157 1053 1283 1086 XXIII.
1315 1061 1384 1087 erat
1409 1051 1584 1098 legitimus
1610 1053 1785 1100 pontifex,
1812 1067 1840 1089 a·

214 1125 284 1158 quo
300 1110 413 1147 fuerat
432 1121 547 1146 vocata
566 1106 737 1158 synodus,
763 1104 820 1139 alii
838 1104 907 1140 duo
925 1115 995 1138 non
1021 1113 1116 1137 erant
1139 1101 1303 1147 legitimi,
1331 1112 1363 1135 et
1386 1101 1464 1137 ideo
1484 1101 1664 1139 consensus
1690 1103 1841 1140 illorum

215 1175 285 1198 non
307 1173 377 1197 erat
395 1159 573 1206 requisitus
590 1158 631 1192 ad
651 1155 933 1192 convocationem
945 1163 1004 1188 aut
1020 1151 1284 1187 celebrationem
1296 1149 1430 1198 synodi.
1456 1153 1604 1200 Joannes
1621 1155 1836 1190 veroXXIII.

214 1213 309 1248 ultro
327 1209 492 1247 ceffurum
518 1208 549 1244 se
565 1204 771 1255 pontificatu
795 1201 1029 1251 promiserat,
1071 1212 1207 1247 poterat
1229 1213 1313 1247 ergo
1338 1201 1525 1237 concilium
1554 1213 1627 1237 tum
1653 1205 1835 1238 autoritate

214 1261 290 1302 sua,
316 1271 391 1295 tum
407 1261 442 1293 vi
458 1259 550 1292 illius
567 1256 720 1292 cessionis
736 1266 836 1299 agere
856 1264 886 1288 et
903 1253 1094 1287 decernere.
1146 1253 1224 1289 Nec
1247 1262 1335 1294 opus
1361 1261 1446 1289 erat,
1474 1261 1513 1285 ut
1536 1250 1727 1296 expefiaret
1756 1251 1838 1286 alias

218 1309 444 1347 obedientias,
473 1306 564 1341 unde
578 1303 651 1350 ipse
671 1306 821 1349 Joannes
837 1299 974 1335 seffione
995 1311 1048 1333 12.
1061 1323 1070 1339 ‚
1095 1309 1127 1333 et
1143 1299 1202 1342 qui
1220 1296 1335 1343 postea
1352 1296 1477 1332 elesius
1497 1297 1559 1338 est,
1587 1301 1761 1336 Martinus
1780 1303 1836 1342 V,²

219 1370 258 1396 ut
277 1371 355 1394 mox
372 1354 499 1391 dicturi
518 1353 648 1392 sumus,
679 1350 864 1387 concilium
883 1346 1135 1384 Constantiense
1152 1358 1218 1392 pro
1235 1346 1385 1392 generali
1402 1346 1613 1389 habuerunt,
1641 1361 1673 1386 et
1692 1362 1776 1396 quae
1792 1350 1849 1386 ab.

219 1407 297 1456 ipso
313 1406 450 1443 fuerant
467 1406 566 1439 etiam
585 1413 742 1448 tempore
757 1400 860 1434 unius
877 1397 1085 1433 obedientiae
1103 1397 1243 1436 decreta,
1261 1395 1510 1441 approbarunt.

367 1454 562 1491 Secundum
585 1461 826 1498 argumentum
842 1473 854 1489 ‚.
886 1459 998 1493 patres
1026 1445 1151 1481 scilicet
1176 1443 1447 1480 Constantienses
1478 1446 1573 1482 aliter
1597 1446 1727 1483 senfiffe
1759 1447 1851 1495 post-3

221 1519 290 1544 tres
308 1506 515 1542 obedientias
536 1502 662 1548 probat
683 1497 924 1534 tantummodo
948 1493 1167 1531 Schelstratus
1191 1506 1230 1528 ex
1252 1493 1498 1540 protestatione
1513 1509 1532 1531 a
1548 1496 1580 1532 se
1595 1498 1748 1543 primum
1767 1498 1840 1533 edi·

222 1569 273 1598 ta,
302 1568 403 1602 quam
421 1552 497 1599 post
515 1549 686 1586 seffionem
707 1555 764 1592 38.
788 1545 974 1581 cardinales
999 1555 1066 1579 una
1084 1555 1163 1578 cum
1180 1541 1377 1578 nationibus
1391 1543 1518 1584 tribus,
1546 1546 1677 1586 Italica,
1713 1546 1840 1593 Hispa.

223 1609 315 1647 nica,
343 1616 374 1639 et
393 1603 584 1640 Gallicana,
614 1596 776 1634 adversus
796 1594 1037 1630 Germanicam
1055 1591 1236 1628 condidisse
1252 1590 1412 1627 feruntur
1430 1594 1471 1629 ad
1484 1591 1684 1630 electionem
1701 1596 1841 1641 pontifi-

222 1658 286 1697 cis,
315 1654 369 1690 sed
386 1651 469 1690 hoe,
496 1661 532 1686 ut
549 1649 616 1696 jam
635 1648 724 1688 dixi,
750 1646 792 1682 ad
811 1644 1030 1692 propoiitum
1049 1641 1238 1678 nuliatenus
1264 1642 1432 1687 pertinet,
1467 1644 1503 1678 in
1531 1656 1571 1679 eo
1596 1645 1726 1691 quippe
1756 1653 1840 1691 qne-

221 1715 346 1742 runtur
374 1700 506 1737 differri
528 1697 727 1734 eleffiionem
753 1693 924 1743 pontificis
949 1693 1114 1739 legitimi,
1155 1688 1432 1737 obtestanturque
1458 1694 1632 1729 nationem
1659 1696 1840 1737 Germani-j

222 1768 311 1792 cam,
340 1764 378 1789 ut
398 1750 481 1786 sinat
497 1761 619 1796 papam
637 1747 718 1793 eligi
736 1745 910 1790 acollegio
928 1741 1150 1778 cardinalium
1166 1751 1245 1776 curn
1263 1740 1434 1786 deputatis
1451 1754 1508 1778 aut
1525 1743 1728 1790 deputandis
1746 1757 1765 1779 a
1783 1744 1840 1793 sy.

222 1805 333 1842 nodo,
359 1799 610 1850 protestantur,
639 1796 686 1838 se,
714 1796 736 1830 fi
763 1794 847 1843 quid
872 1793 952 1829 inde
977 1791 1171 1828 detrimenti
1194 1788 1345 1825 ecclesiae
1377 1792 1521 1833 accidat,
1548 1794 1706 1828 innoxios
1740 1793 1840 1834 fore,

223 1853 483 1889 convenientius
506 1847 567 1884 effe
585 1845 871 1882 reformationem
888 1842 1053 1889 postponi
1068 1838 1226 1876 elestioni
1251 1839 1434 1885 pontificis.
1486 1844 1562 1878 Hac
1587 1855 1658 1878 non
1685 1841 1856 1879 obstante-

224 1902 485 1950 protestatione‚
514 1897 716 1934 reformatio
733 1907 803 1930 non
823 1893 869 1928 est
887 1890 1071 1927 intermissa
1091 1901 1122 1925 et
1142 1887 1261 1924 eleffio
1287 1889 1430 1937 rejessa,
1458 1891 1567 1927 donec
1590 1892 1727 1928 tandem
1759 1905 1840 1929 con.

222 1952 341 1988 cordia
361 1952 456 1985 nnita
474 1947 536 1988 est,
566 1960 604 1982 ea
619 1946 839 1984 conditione,
863 1954 900 1977 ut
917 1942 1090 1977 decretum
1110 1939 1225 1975 fieret,
1253 1951 1322 1983 quo
1344 1939 1480 1976 futurus
1498 1940 1654 1987 pontifeit
1669 1941 1839 1989 obligare.

223 2015 280 2038 tur
297 1999 468 2035 ecclesiam
488 1996 676 2032 reformare
691 1996 726 2029 in
746 1995 856 2039 capite
873 2004 904 2026 et
919 1992 1012 2026 curia
1030 1994 1181 2026 Romana
1198 1987 1295 2024 simul
1313 2001 1391 2024 cum
1410 1991 1558 2026 concilio
1578 2004 1610 2027 et
1629 1992 1799 2038 deputatis
1818 2005 1839 2027 a

223 2050 440 2089 rationibus3
468 2058 538 2091 quo
557 2046 693 2080 decreto
710 2041 802 2079 fafilo
822 2054 852 2078 et
869 2040 1033 2088 capitibus
1052 2038 1306 2076 reformationis
1323 2039 1515 2087 propositis
1540 2039 1665 2077 elesius
1683 2039 1728 2076 est
1745 2053 1840 2089 pon.

223 2100 306 2138 tifex
324 2099 496 2136 Martinus
516 2098 559 2131 V.

374 2151 467 2183 Haec
482 2156 592 2192 porro
610 2153 742 2178 tantum
760 2139 866 2181 abest,
895 2151 932 2176 ut
947 2138 1121 2176 ostendant
1138 2136 1375 2184 improbatum
1399 2137 1463 2174 esse
1478 2152 1496 2174 a
1514 2138 1649 2186 synodo
1666 2139 1848 2178 decretum]

228 2201 268 2234 de
285 2199 464 2234 autoritate
477 2193 612 2230 concilii
630 2192 668 2226 ad
689 2191 968 2226 reformationem
987 2187 1137 2223 ecclesiae
1154 2188 1188 2221 in
1207 2188 1316 2232 capite
1335 2199 1368 2223 et
1387 2190 1421 2222 in
1440 2189 1620 2226 membris,
1647 2200 1684 2223 ut
1710 2203 1727 2223 e
1754 2202 1853 2225 con-1

224 2261 277 2287 πα
292 2247 483 2289 ostendant,
511 2255 622 2293 patres
640 2243 676 2278 iu
694 2242 754 2278 hac
771 2242 938 2288 opinione
958 2238 1090 2288 semper
1104 2234 1299 2286 perstitisse„
1349 2237 1414 2275 Sed
1429 2237 1496 2275 hoc
1525 2248 1633 2275 unum
1657 2235 1759 2274 fuisse
1785 2241 1839 2279 in-‚

1732 2299 1785 2326 ter

1948 2255 1953 2274 l
