1982 2739
314 226 385 260 1⁸6
557 218 631 255 nl:
654 218 929 260 ANTIQVA
953 216 1273 253 ECCLESIAE
1296 216 1631 253 DISCIPLINA

265 320 340 346 tum
363 307 396 342 ei
421 306 523 342 licere
539 303 735 341 doGrinam
751 306 856 347 illam,
868 317 971 350 quam
989 317 1107 340 veram
1124 302 1186 340 ess'e
1202 305 1531 352 putar‚defendere,
1554 316 1587 340 et
1603 304 1733 342 diversa
1749 306 1889 342 sentien-

268 370 320 395 tes
337 371 356 393 a
373 356 620 392 communione
642 354 703 391 sua
725 368 923 395 removere,
949 366 986 388 ac
1012 354 1153 390 demum
1171 356 1355 390 concilium
1373 356 1472 390 etiam
1491 354 1664 401 postulare
1685 368 1743 392 aut
1764 368 1893 392 convo-

268 421 342 443 care
367 409 386 451 (
399 406 420 442 fi
442 418 534 453 opus
552 403 676 446 fuerit,
704 417 763 441 aut
779 405 803 440 ss
820 403 987 441 necestitas
1007 403 1248 451 postulaverit)
1276 406 1319 440 ad
1346 404 1595 452 disceptandam
1620 405 1891 443 controversiam

270 457 312 493 de
339 455 420 492 fide.
715 480 717 484 -
1699 455 1701 457 ’

369 510 416 541 At
446 506 558 550 inquit
589 507 727 541 Marce,
750 515 829 539 cum
845 506 1023 539 Romanus
1037 501 1222 550 episcopus
1239 503 1390 551 primam
1415 500 1525 537 sedem
1544 502 1715 544 obtineat,
1742 503 1814 551 ejus
1834 502 1894 538 de-

268 555 326 592 bet
349 556 463 602 prima
486 553 553 589 effe
573 554 752 592 sententia,
779 565 815 587 ut
836 554 994 597 loquitur
1003 553 1186 588 Facundus
1213 551 1491 594 Hermianenfis²
1517 564 1626 598 eoque
1648 553 1724 600 jure
1749 551 1831 588 usus
1848 551 1894 588 est

270 617 362 653 papa
377 604 587 639 Coelestinus
604 602 766 637 advertus
782 602 999 638 Nestorium.

368 651 571 699 Respondeo
588 653 737 697 primam
755 664 793 686 ac
809 652 1028 697 praecipuam
1042 649 1104 685 esse
1119 651 1240 686 debere
1255 651 1402 687 Romani
1417 648 1594 696 pontificis
1611 648 1892 687 sententiam‚hoe

274 701 320 739 est
337 702 506 749 judicium
523 701 598 749 ejus.
613 702 752 735 maximi
769 699 841 735 fieri
857 711 890 735 et
907 701 1019 747 pluris
1037 700 1205 735 aestimari
1225 714 1327 746 quam
1346 712 1569 735 caeterorum.
1624 699 1730 744 quue
1745 710 1784 734 ut
1801 698 1894 735 reste

273 752 429 788 observat
454 755 576 786 Petrus
601 751 646 785 de
666 752 803 787 Matca,
829 752 908 794 quia
927 751 1077 795 primam
1103 749 1217 785 sedem
1240 762 1346 793 tenet;
1373 761 1405 784 at
1428 749 1507 784 inde
1524 748 1612 783 velle
1630 748 1760 784 inferre
1779 748 1894 794 ipsum

273 803 422 848 primam
438 802 568 836 ratione
585 800 748 845 temporis
768 798 891 834 debere
906 796 997 833 ferre
1007 797 1205 834 sententiam
1226 813 1296 835 non
1308 800 1420 834 minus
1438 797 1626 834 absurdum
1646 797 1701 839 est,
1725 810 1762 832 ac
1777 797 1800 832 {i
1811 798 1894 843 quis

275 863 316 885 ex
334 863 385 891 eo,
399 850 494 895 quod
512 848 643 895 praeses
661 847 812 893 snpiemi
841 847 970 882 senatus
987 849 1139 892 primum
1156 850 1245 883 inter
1258 849 1387 896 judices
1404 849 1519 883 locum
1537 847 1678 884 obtinet,
1701 847 1798 882 vellet
1815 859 1897 882 con-

275 899 412 936 cludere
435 899 583 945 primam
598 899 636 932 in
653 910 728 932 reos
747 897 791 930 ab
808 896 880 941 ipso
898 895 982 931 ferri
1000 897 1198 932 sententiam
1216 897 1339 932 debere
1355 898 1455 932 etiam
1474 897 1684 943 antejudices
1696 896 1892 932 inferiores.

431 947 638 993 Exemplum
664 958 779 992 porro
803 945 959 980 Nestorii
986 946 1187 990 opinionem
1223 948 1360 981 Marcae
1388 958 1456 979 non
1486 945 1685 987 confirmat3
1723 957 1783 980 nec
1803 947 1894 981 enim

275 996 482 1033 eoelestinus
501 996 543 1030 ad
561 994 594 1029 se
611 997 710 1029 traxit
727 995 881 1039 primam·
897 995 1130 1039 cognitionem
1149 994 1264 1029 causae
1281 993 1435 1029 Nestorii
1448 1019 1457 1035 ‚
1494 993 1552 1028 sed
1571 993 1641 1040 ipse
1657 994 1840 1029 Nestorius
1863 1005 1895 1030 et

274 1046 426 1094 Cyrillus
443 1044 576 1080 causam
592 1044 679 1078 hanc
695 1043 738 1078 ad
752 1041 981 1078 Caelestinum
1000 1043 1198 1077 detulerunt
1214 1057 1225 1076 ι
1259 1043 1289 1077 is
1304 1054 1418 1078 autem
1435 1055 1503 1078 una
1519 1055 1599 1079 eum
1617 1041 1750 1091 synodo
1763 1047 1894 1080 Romae

273 1095 457 1134 celebrata,
508 1106 589 1129 cum
605 1106 644 1128 ex
662 1092 942 1138 quaternionibus
952 1091 1104 1128 Nestorii
1121 1092 1163 1127 ad
1182 1092 1216 1127 se
1231 1091 1337 1127 miffis
1353 1091 1563 1129 intellexisset
1576 1092 1676 1128 illum
1693 1093 1735 1128 ab
1752 1093 1895 1128 Alexan-

274 1145 395 1179 drinae
409 1156 439 1178 et
449 1147 618 1179 Romanae
636 1169 649 1183 ,,
672 1144 749 1178 imo.
768 1153 800 1177 et
828 1153 861 1177 et
881 1140 1087 1177 universalis
1108 1141 1260 1177 ecclefiae·
1282 1141 1352 1178 fide
1372 1140 1564 1184 dissentire,
1593 1141 1724 1189 scripsit
1749 1154 1821 1178 tum
1849 1142 1895 1178 ad

274 1194 450 1241 Cyrillum
467 1193 755 1232 Alexandrinum,
784 1203 858 1226 turn
879 1192 920 1226 ad
937 1195 1106 1239 Joannem
1123 1191 1378 1227 Antiochenum
1403 1205 1479 1226 eum
1505 1193 1541 1226 ni
1571 1192 1656 1226 intra
1684 1191 1797 1226 decem
1821 1192 1893 1226 dies

273 1243 317 1277 ab
334 1242 404 1288 ejus
421 1241 547 1276 decreti
563 1241 686 1275 notitia
705 1241 935 1274 numerandos
953 1252 1127 1274 revocaret
1145 1252 1297 1274 errorem
1310 1265 1321 1280 ,
1340 1252 1372 1273 et
1387 1239 1610 1284 profiteretur
1630 1240 1660 1274 se
1685 1241 1775 1274 idem
1795 1238 1894 1274 senti·

277 1303 316 1326 re
333 1302 412 1324 cum
430 1291 581 1324 Romana
597 1314 608 1328 ,
633 1287 858 1322 Alexandrina
876 1299 907 1321 et
936 1287 1118 1322 universali
1146 1287 1278 1321 ecclesia
1296 1313 1304 1327 ,
1333 1287 1375 1321 ab
1401 1286 1600 1322 universalis
1625 1287 1775 1323 ecclesiae
1799 1301 1894 1324 com-

277 1340 444 1374 munione
464 1337 672 1384 ejiciendum
689 1335 760 1371 effe.
802 1336 982 1371 Coeleslin't
998 1335 1194 1370 sententiam
1222 1335 1387 1381 sequutus
1404 1336 1450 1371 est
1467 1337 1618 1384 Cyrillus
1636 1349 1714 1372 cum
1730 1336 1800 1372 suis
1817 1337 1893 1373 Ale·

276 1388 505 1427 xandrinis‚et
521 1385 724 1421 Nestorium
741 1398 761 1420 a
781 1385 1027 1420 communione
1043 1385 1103 1420 sua
1116 1384 1272 1420 semovit.
1321 1389 1369 1420 At
1390 1387 1539 1433 joannes
1569 1398 1602 1422 et
1625 1386 1682 1421 aliz
1709 1387 1892 1422 orientales

278 1437 391 1483 ipsum
410 1434 646 1470 defenderunt.
677 1435 774 1468 Hinc
788 1446 905 1468 natum
925 1433 1115 1474 diffidium,
1140 1435 1183 1469 ad
1202 1434 1295 1478 quod
1313 1435 1593 1480 componendum
1611 1434 1760 1483 synodus
1772 1437 1890 1484 Ephe-

278 1485 347 1521 sina
364 1496 548 1520 convocata
566 1483 630 1524 est,
658 1495 744 1528 quae
762 1481 962 1516 Nestorium
985 1482 1158 1528 deposuit.
1204 1485 1301 1517 Nam
1329 1482 1388 1516 ille
1412 1483 1584 1529 hucusque
1609 1485 1719 1520 sedem
1741 1488 1890 1522 retinue-

273 1547 339 1569 rat.
391 1537 439 1570 Ex
454 1534 506 1568 his
526 1532 694 1569 discimus,
711 1534 907 1566 Romanum
924 1531 1124 1577 pontificem
1142 1544 1211 1566 non
1221 1532 1263 1565 ad
1284 1529 1317 1565 fe
1333 1531 1469 1566 traxisse
1482 1535 1631 1578 primam
1647 1536 1885 1580 cognitionem

276 1584 390 1619 causae
408 1582 579 1622 Nestorii,
608 1581 661 1616 sed
682 1581 766 1615 hauc
783 1580 832 1614 ill‘i
853 1580 945 1615 ultro
963 1581 1125 1620 delatam,
1154 1592 1212 1615 nec
1231 1593 1304 1614 eam
1326 1579 1484 1627 supremo
1504 1582 1633 1629 judicio
1650 1583 1691 1618 ab
1717 1584 1778 1619 illo
1805 1582 1889 1619 defi·

278 1634 402 1673 initam,
430 1632 484 1667 sed
505 1643 632 1667 tantu-m
652 1629 879 1670 Nestorium,
917 1633 1081 1674 quoniam·
1098 1643 1114 1665 a
1139 1628 1206 1664 fide
1226 1628 1377 1664 ecclesiae
1401 1629 1494 1672 suae,
1535 1644 1670 1667 necnon
1689 1632 1893 1668 Alexandri-

277 1696 354 1723 nae,
383 1694 420 1717 ac
437 1694 475 1717 ut
492 1680 630 1728 putabat
648 1679 842 1714 universalis
863 1678 1013 1713 ecclefiae
1032 1681 1140 1714 aliena
1164 1678 1303 1713 docebat
1322 1679 1497 1715 declarasse
1510 1683 1890 1725 excommunicandum,

278 1732 374 1777 quod·
390 1730 500 1777 ipsum
526 1729 760 1776 praestiterant
778 1740 853 1763 ante
870 1727 1099 1763 Coelestinum
1119 1728 1415 1763 Archimandritae
1441 1730 1828 1777 constantinopolitani,
1854 1743 1889 1768 et

278 1782 334 1817 alii
355 1781 453 1816 multi
472 1782 569 1816 etiam
589 1780 682 1819 laici,
710 1780 767 1823 qui
787 1777 827 1812 ab
845 1777 919 1825 ejus
942 1779 1191 1813 communione
1215 1787 1292 1811 ante
1318 1777 1504 1813 Coelestini
1531 1778 1730 1815 sententiam
1754 1779 1887 1816 recesse—

279 1842 364 1868 rant.
417 1833 548 1864 Verum
574 1829 709 1863 tandem
729 1841 746 1862 e
767 1828 965 1862 diverticulo
983 1827 1161 1862 redeamus
1185 1827 1220 1861 in
1249 1826 1336 1861 viam
1357 1841 1365 1860 τ
1392 1827 1469 1873 post
1493 1830 1606 1863 Aeacii
1631 1829 1889 1866 damnationem

278 1892 344 1926 per
360 1879 492 1923 aliquot
510 1891 622 1913 annos»
637 1877 787 1912 ecclesiae
805 1877 986 1912 orientales>
1001 1890 1017 1911 a
1034 1880 1187 1912 Romana
1201 1879 1448 1912 communione
1462 1876 1633 1923 separatae
1651 1877 1748 1920 sunt,
1777 1879 1887 1915 dbnec

280 1927 431 1976 justinus
452 1928 641 1973 imperator
657 1940 749 1962 anno-
773 1938 850 1970 510.
873 1939 944 1972 pro
958 1926 1051 1961 bono
1076 1927 1168 1972 pacis
1193 1924 1296 1973 juffir,
1323 1937 1364 1961 ut
1385 1925 1537 1973 episcopi
1563 1928 1705 1963 orientis
1731 1928 1888 1964 libellum

280 1978 320 2013 ab
340 1977 527 2011 Hormisda
545 1974 736 2012 confestum
754 1976 955 2022 probarent,
982 1988 1015 2010 et
1032 1988 1069 2009 ea
1086 1977 1158 2021 lege
1183 1987 1246 2021 pax
1265 1975 1352 2010 inter
1379 1976 1529 2010 ecclesias
1547 1976 1669 2012 sancita
1687 1975 1744 2014 est.
1821 1981 1887 2014 Ve-

279 2039 358 2062 rum
386 2026 473 2060 hanc
488 2026 710 2060 turbaverunt
727 2024 884 2059 nonnulli
902 2035 1014 2059 motus
1032 2024 1077 2060 ab,
1108 2024 1277 2070 acephalis
1293 2049 1302 2064 ,
1330 2026 1388 2069 qui
1408 2027 1697 2073 Eutychianorum
1721 2038 1818 2062 erant
1832 2039 1887 2062 re-

281 2076 407 2122 liquiae
427 2076 593 2109 concitati.
648 2077 743 2108 Inter
761 2074 824 2109 hos
843 2074 982 2119 insignis
1001 2086 1072 2109 erat
1086 2074 1269 2109 Anthimus
1288 2075 1544 2120 Trapezuntius
1556 2102 1563 2116 ,
1606 2077 1669 2121 qui
1683 2078 1827 2122 propria
1840 2075 1886 2112 se·

281 2126 324 2160 de
341 2122 459 2160 religia
482 2121 897 2168 Constantinopolitanam,
912 2136 1028 2159 contra
1046 2134 1189 2159 canones
1205 2122 1325 2157 invafit
1343 2149 1350 2163 ,
1380 2135 1487 2167 utque
1509 2123 1541 2159 se
1567 2123 1668 2159 {idem
1699 2125 1809 2159 sanam
1834 2137 1884 2160 te-

279 2187 357 2209 nere
373 2172 608 2220 persuaderet,
635 2173 836 2218 imperatori
862 2174 1031 2208 rationem
1046 2173 1120 2220 ejus
1133 2173 1305 2217 quaerenti
1324 2174 1513 2217 generatim
1531 2172 1706 2219 respondit
1724 2173 1757 2208 se
1773 2173 1907 2210 fastui

280 2234 605 2279 rum,qtcaecumqtce
631 2235 771 2271 magnae
785 2223 877 2268 sedis
892 2224 1082 2270 apostolicae
1096 2222 1231 2269 antistes
1239 2220 1397 2267 juberet,
1425 2233 1457 2255 et
1481 2222 1522 2256 ad
1549 2223 1756 2267 patriarchas
1783 2223 1886 2270 scrip·

277 2272 315 2310 lit
335 2272 366 2309 se
381 2273 609 2319 sequuturum
624 2283 686 2320 per
703 2274 820 2309 omnia
834 2270 946 2310 sedem
961 2270 1176 2321 apostolicam
1187 2284 1198 2305 ε
1222 2271 1269 2308 ita
1284 2282 1365 2308 cum
1379 2269 1516 2308 causam
1535 2270 1627 2309 suam
1644 2274 1790 2308 Romani
1809 2274 1886 2321 epi.

1735 2321 1834 2371 scopi
