2022 2733
311 196 1191 255 mssERTATmNEs.ffls‘romcffl.
1242 190 1479 242 muman,
1583 211 1649 252 ῃ,

81 288 208 325 liberae
223 286 352 336 judicio
367 301 438 325 non
459 288 747 337 obtemperabant,
769 287 891 324 merito
908 286 948 324 ab
968 286 1117 335 ecclesiae
1133 291 1380 327 communione
1400 288 1541 338 separati
1553 302 1584 326 et
1594 289 1697 332 schin

83 339 198 375 matici
217 337 437 374 habebantur.
590 340 593 341 ⁷
774 342 776 344 '
901 381 903 383 ι
945 345 947 347 ’
996 368 997 371 ,
1060 344 1063 347 ’
1528 337 1533 356 ²

228 387 347 435 Multa·
360 385 436 424 sunt
458 388 493 423 in
512 388 574 423 hac
585 385 838 435 propositione,
865 389 951 433 quae
964 385 1037 423 fuse
1049 386 1282 425 confirmanda
1304 388 1421 432 essent,
1434 389 1494 425 nifi
1513 390 1578 438 jam
1592 389 1699 425 abuns

83 437 124 481 de
141 451 160 473 a
177 436 276 473 nobis
296 438 332 474 in
351 438 567 486 praecedenti
584 436 817 475 dissertatione,
827 436 942 474 forent
955 433 1174 485 pertrastata‚
1186 439 1316 487 singula
1334 452 1466 477 tantum
1481 440 1631 476 breviter
1649 451 1698 475 re-

81 485 268 528 sumemus,
1709 497 1712 499 ·

228 538 383 574 Primum
401 537 447 574 est
465 535 666 584 episcopum
686 535 741 570 vix
765 542 918 580 unquam
946 534 1013 570 fine
1045 535 1136 571 clero
1161 537 1329 583 judicium
1355 538 1474 580 tuliffe.
1546 537 1696 584 'Quippe

79 586 173 633 apud
194 588 353 633 antiquos
371 586 488 623 forum
507 597 576 621 erat
595 583 867 626 ecclesiasticum,
893 585 928 620 in
948 597 1021 630 quo
1048 584 1227 631 episcopus
1254 598 1285 621 et
1307 587 1504 635 presbyteri
1529 586 1694 623 sedebant.

77 637 196 684 HuJus
224 636 375 685 synedrii
393 637 581 672 meminere
597 633 728 680 saepius
747 634 889 679 antiqui.
917 635 1027 680 Ignat.
1046 633 1142 681 epist.
1161 635 1203 676 ad
1222 635 1418 683 Magnefios
1435 637 1480 671 ait
1497 635 1698 683 episcopum

76 686 269 732 praesidere
283 689 348 722 loco
365 687 451 731 Dei,
478 696 509 720 et
533 683 758 731 presbyteros
777 686 844 720 loco
865 684 1028 731 conceffus
1046 685 1278 731 apostolorum,
1313 685 1447 722 eosdem
1476 685 1696 734 presbyteros

78 735 173 782 epist.
195 736 236 770 ad
257 733 571 781 Philadelphienses.
584 732 758 770 concilium
770 735 922 781 ‚episcopi
938 736 1054 768 Vocat:
1082 734 1238 770 similiter
1263 736 1482 785 presbyteros
1506 736 1697 783 praefiden-

75 794 125 822 tes
143 785 291 832 adpellat
308 782 544 820 Tertullianus
562 783 597 817 in
615 783 853 829 apologetico.-
879 783 1090 829 Praesident,
1119 785 1250 830 inquit,
1278 787 1370 834 apud
1387 785 1698 834 nosprobatiquip-

73 846 119 882 pe
129 835 279 880 seniores
297 836 386 870 lzunc
410 836 564 870 honorem
591 846 653 868 non
682 836 795 880 pretio
809 832 875 878 scd
897 833 1080 878 testimonio
1112 835 1230 882 adepti
1237 847 1251 880 3
1285 835 1381 883 cujus
1406 835 1520 871 stilum
1545 837 1695 870 imitatus

72 885 272 931 Cyprianus
314 884 445 919 clerum
488 881 681 920 Romanum
718 894 796 918 cum
813 883 976 918 Cornelio
1000 895 1089 929 papa
1113 883 1357 930 praesidentem
1384 897 1481 921 vocat
1506 882 1611 931 Epist.
1642 896 1696 929 55.

74 944 108 969 et
125 932 220 980 epist.
245 946 275 977 5.
293 934 482 970 verendum
499 932 560 968 effe
578 932 623 966 ait
644 931 1213 981 quibusdam,nepresbyterorum
1237 946 1268 969 et
1295 936 1520 970 diaconorum
1547 933 1696 970 testimo-

79 983 140 1017 nio
162 994 194 1017 et
209 982 336 1030 judicio
355 983 572 1018 condemnati
591 993 714 1016 eorum
735 980 888 1017 societate
902 983 1095 1028 priventur.
1136 986 1298 1030 'Optatus
1317 987 1396 1020 item
1416 983 1502 1020 Afer
1517 984 1694 1019 foriistius

75 1029 281 1067 ecclesiastici
299 1033 453 1067 meminit
471 1031 529 1067 lib.
549 1042 581 1074 7.
631 1031 847 1074 Accusatore,
875 1032 1006 1076 inquit,
1031 1031 1146 1074 filente
1163 1045 1228 1068 non
1252 1035 1349 1070 licuit
1374 1035 1576 1070 Macarium
1597 1033 1697 1080 absti-

75 1092 178 1116 nere:
196 1082 367 1128 scriptum
385 1081 428 1127 est
454 1082 541 1123 enim
568 1087 647 1114 ante
675 1081 830 1127 agnitam
859 1082 987 1125 causam
1013 1083 1175 1120 neminem
1200 1082 1266 1129 effe
1290 1077 1538 1124 damnandum,
1565 1083 1668 1118 dicite
1686 1106 1697 1123 ,

72 1133 147 1178 quis
166 1141 236 1165 eum
256 1131 425 1175 accusavit
441 1140 475 1166 et
495 1129 634 1164 auditus
651 1140 716 1163 non
739 1128 799 1175 est,
827 1127 932 1164 dicite
950 1129 1145 1165 Macarium
1162 1131 1341 1178 confeffum
1360 1132 1425 1180 effe
1451 1133 1577 1179 culpam
1597 1141 1629 1167 et
1640 1145 1697 1167 no·

71 1179 171 1222 stram
181 1178 545 1225 filuiffesententiam‚
573 1179 678 1218 sumus
696 1179 783 1211 enim
798 1179 1045 1225 qualescumque
1054 1180 1187 1224 judices
1206 1183 1243 1215 in
1259 1181 1395 1228 ecclefia.
1450 1182 1597 1217 Concilii
1615 1184 1694 1216 Car-

74 1226 285 1272 thaginenfis
304 1238 336 1269 4.
357 1238 384 1261 c.
415 1238 470 1269 23.
501 1224 623 1259 diserte
647 1223 682 1257 id
711 1223 880 1258 sancitur:
917 1226 1096 1271 Episcopus
1119 1229 1242 1262 nullius
1269 1234 1397 1273 causam
1428 1230 1548 1266 audiat
1574 1230 1695 1278 absque

69 1279 263 1323 praesentia
279 1276 415 1320 suorum
441 1276 652 1309 clericorum,
678 1272 959 1321 alioquinirrita
984 1277 1054 1308 erit
1078 1276 1252 1320 sententia
1278 1280 1441 1323 episcopi,
1476 1281 1534 1312 niz
1561 1281 1695 1314 clerico-

74 1337 148 1360 rum
160 1326 358 1372 praesentia
377 1322 602 1366 confirmetur.
658 1320 1118 1360 Concilium-Eliberitanum
1138 1336 1210 1370 cap.
1230 1336 1286 1369 74.
1337 1326 1455 1372 Falsus
1478 1327 1566 1374 testis
1588 1337 1695 1374 prout

74 1376 197 1410 crimen
215 1374 258 1421 est
286 1372 521 1421 abstinebitur,
546 1371 575 1419 fi
600 1379 711 1406 autem
735 1383 800 1407 non
824 1370 1027 1418 probaverit
1052 1376 1232 1409 conventui
1255 1377 1458 1417 clericorum,
1474 1377 1605 1423 placuit
1630 1389 1695 1422 per

72 1425 336 1472 quinquennium
361 1422 533 1468 abstineri.
595 1417 737 1466 August.
764 1421 898 1457 Homil.
931 1426 988 1466 56.
1017 1422 1058 1457 de
1091 1425 1322 1469 poenitentia,
1358 1424 1505 1473 ejusdem
1532 1427 1692 1473 Synedrii

71 1473 230 1509 meminit
252 1498 261 1515 ‚
297 1484 377 1508 cum
405 1472 451 1507 ait
470 1498 478 1513 ,
522 1484 582 1506 nos
607 1481 688 1504 vero
715 1481 905 1520 quemquam
938 1484 958 1506 a
983 1476 1201 1509 communione
1223 1473 1408 1522 prohibere
1432 1478 1566 1511 minime
1581 1476 1692 1523 poffu-

70 1534 150 1568 mus.
177 1549 186 1559 .
215 1550 223 1558 .
252 1549 260 1557 .
288 1521 351 1569 nist
367 1531 428 1557 aut
440 1524 560 1568 sponte
577 1518 772 1564 confeffum
799 1522 914 1555 autin
932 1522 1043 1570 aliquo
1062 1524 1230 1566 saeculari
1245 1524 1317 1571 five
1334 1525 1535 1572 ecclesiastico
1556 1526 1692 1571 judicio

71 1575 281 1607 nominatum
307 1580 405 1618 atque
424 1570 617 1606 conviffum.
671 1569 722 1601 De
741 1567 861 1603 eodem
878 1570 1158 1618 presbyterorum
1180 1584 1259 1608 cum
1280 1573 1443 1620 episcopo
1463 1572 1611 1609 consessu
1621 1573 1691 1612 sae-.

72 1633 117 1667 pe
133 1619 171 1655 fit
190 1621 323 1655 mentio
343 1622 378 1654 in
400 1616 697 1663 constitutionibus
715 1615 907 1662 apost-olicis
919 1644 926 1658 ‚
956 1632 1061 1665 eaque
1079 1619 1291 1658 consuetudo
1305 1624 1364 1658 diu
1382 1623 1565 1670 permansit
1584 1625 1618 1658 in
1636 1636 1689 1659 ec-

71 1667 185 1711 clefia,
214 1680 252 1705 ut
266 1667 396 1712 constat
415 1681 453 1703 ex
470 1666 624 1714 capitulis
641 1665 782 1712 Egberti
798 1667 1033 1709 Eboracenfis,
1061 1682 1092 1704 et
1111 1683 1147 1705 ex
1166 1673 1278 1707 relatis
1296 1686 1315 1708 a
1330 1673 1528 1708 Burchardo
1549 1675 1689 1708 eanoni-

70 1718 146 1754 bus.
209 1721 305 1754 Extat
327 1730 441 1753 autem
471 1716 641 1752 memoria
668 1714 822 1761 plurium
847 1717 1054 1764 judiciorum
1081 1720 1296 1767 abepiscopo
1317 1734 1348 1757 et
1364 1723 1454 1757 clero
1479 1723 1625 1758 latorum
1653 1724 1689 1758 in

69 1779 165 1804 reos:
190 1766 236 1802 fic
251 1770 413 1803 Marcion
433 1780 451 1802 a
465 1766 593 1801 clericis
610 1768 773 1802 Romanis
802 1765 959 1812 repulsus
987 1768 1050 1807 est,
1079 1781 1156 1804 cum
1174 1770 1283 1808 fuisset
1299 1785 1318 1806 a
1332 1784 1427 1818 patre
1455 1771 1614 1819 episcopo
1639 1785 1689 1809 ec-

67 1815 162 1861 elesia
187 1815 309 1863 ejeaus
322 1843 330 1858 ‚
364 1820 504 1852 Noetus
522 1816 562 1851 ab
579 1814 759 1861 Ephefinis
779 1817 988 1864 presbyteris
1005 1816 1050 1852 est
1069 1817 1273 1866 damnatus3
1301 1823 1404 1856 Arius
1425 1821 1465 1856 ab
1495 1821 1688 1859 Alexandro

70 1866 236 1914 epilcopo
257 1866 479 1902 Alexandriae
505 1864 675 1913 hujusque
700 1865 796 1900 urbis
815 1867 903 1901 clero
921 1867 964 1902 est
985 1867 1162 1902 damnatus
1181 1882 1212 1904 et
1233 1869 1358 1915 ejestus
1377 1884 1395 1906 a
1424 1874 1680 1915 communione3

68 1917 273 1965 Jovinianus
290 1929 309 1951 a
325 1917 507 1958 Sirlicio'et.
519 1913 676 1965 universo
702 1914 790 1950 clero
809 1919 964 1952 Romano
984 1916 1197 1963 proscriptus
1222 1917 1284 1960 est,
1314 1918 1371 1954 sed
1389 1921 1473 1965 quid
1488 1921 1521 1955 in
1544 1922 1595 1956 his
1613 1933 1685 1957 mo·-

69 1979 146 2007 ror‚
175 1978 255 2001 cum
271 1965 369 2012 apud,
385 1965 672 2008 omnesweruditos
692 1965 818 2000 constet
835 1966 1031 2012 episcopum
1049 1966 1131 2002 olim
1150 1968 1237 2003 nihil
1260 1970 1446 2014 quidquam
1468 1973 1583 2016 magni
1614 1981 1688 2007 mo‘-

67 2015 178 2060 menti
194 2014 262 2057 fine
280 2015 494 2063 presbyterio
518 2013 617 2061 eg1ffe
634 2025 692 2049 aut
709 2014 883 2060 judicasse,
910 2015 992 2052 ficut
1007 2028 1067 2050 nec
1086 2018 1396 2064 metropolitanum
1415 2019 1540 2065 absque
1551 2020 1684 2069 synodo

67 2061 276 2112 provinciae.
331 2067 425 2110 Quin
447 2066 544 2099 etiam
568 2065 602 2098 in
621 2064 774 2099 conciliis
794 2068 1053 2110 provinciarum
1073 2065 1188 2102 sed1sse
1206 2068 1351 2113 legimus
1376 2070 1615 2117 presbyteros,
1654 2082 1685 2107 et

68 2126 145 2167 cum
161 2114 330 2161 episcopis
349 2113 523 2162 judicasse,
540 2114 659 2163 multo
679 2126 762 2161 ergo
780 2117 888 2162 magis
907 2117 942 2151 in
963 2116 1103 2165 synodis
1116 2118 1283 2163 privatis,
1312 2131 1389 2154 cum
1409 2119 1571 2167 episcopo
1591 2120 1684 2155 lede-

67 2162 147 2201 bant
165 2164 417 2212 et'judicabant.
475 2200 477 2203 ,
560 2199 576 2212 ,¹

120 2251 125 2258 .
152 2253 155 2257 Α
216 2215 463 2260 Secundoloco
482 2214 516 2259 ῐῃ
535 2209 773 2260 propositione
791 2213 901 2248 nostra
918 2215 1161 2252 attendendum
1193 2216 1257 2259 est,
1294 2218 1416 2253 laicum
1444 2218 1495 2252 vel
1520 2218 1680 2255 clericum

67 2272 267 2307 peccantem
280 2264 321 2308 ad
337 2263 476 2313 proprii
495 2262 646 2311 episcopi
669 2262 820 2299 tribunal
837 2262 964 2301 deferri
982 2277 1163 2312 oportere3
1190 2268 1284 2315 apud
1302 2269 1450 2305 alienum
1468 2280 1548 2306 vero
1577 2279 1676 2305 accu-

1556 2318 1624 2354 sari
