2022 2733
231 215 736 256 DISSERTATIONES
771 214 1140 256 HISTORICAE.
1192 218 1348 256 Dtssmw.
1376 221 1456 257 VH.
1563 234 1631 268 379

65 308 244 355 tyrannice
263 317 295 343 et
314 306 497 343 crudeliter
514 307 544 342 se
561 303 743 353 gesserint,
771 305 863 342 nulla
880 303 1033 342 statuitur
1051 319 1178 353 poena,
1206 306 1263 344 sed
1290 309 1490 355 imprecatio
1522 308 1578 350 fit,
1606 320 1644 345 ut
1661 323 1688 346 ιι

64 356 200 393 Christo
222 356 398 394 inferatur.
449 358 709 394 Anatlzematis‚
737 357 901 401 inquiunt
918 382 926 397 ‚
947 359 1120 402 sententia
1142 371 1162 392 a
1183 358 1310 405 Christo
1337 359 1467 394 domino
1492 360 1681 396 condemne-

60 415 139 445 tur,
165 416 199 443 et
216 405 338 443 habeat
355 420 375 442 a
391 407 465 443 Deo
484 409 737 454 separationem
770 415 870 454 atque
896 406 1059 451 judicium
1078 433 1086 447 ‚
1126 417 1271 454 propter
1303 408 1391 457 quod
1420 409 1682 456 praesumpserit

59 467 174 504 prava
190 468 313 504 agere,
343 465 376 492 et
393 460 430 492 in
450 459 631 505 perniciem
650 468 792 503 regnum
812 465 1021 491 convertere.
1075 458 1167 502 Ergo
1186 470 1254 492 non
1274 456 1504 497 existimabant
1519 457 1682 504 illiepis.

63 505 163 551 copi,
193 506 330 541 mortali
347 508 508 551 cuiquam
523 507 623 541 licere
641 517 737 550 reges
756 505 946 550 deponere,
974 516 1004 540 et
1023 517 1146 541 eorum
1163 505 1317 542 subditos
1334 518 1364 542 et
1382 505 1448 543 fide
1465 519 1496 544 et
1522 508 1681 543 obedien-

63 554 110 590 tia
128 554 200 591 ullo
217 553 319 601 pasto
338 555 497 592 eximere.
936 598 942 605 ·

215 607 335 640 Unum
353 605 473 651 addam
494 601 669 638 coronidis
687 601 760 635 vice
778 599 944 644 Gregorii
958 602 1082 646 Magni
1101 601 1335 638 testimonium
1355 603 1474 639 diserte
1499 603 1682 647 afferentis,

63 651 122 688 fibi
143 653 336 688 nullatenus
362 651 490 688 licuisse
518 653 554 685 in
579 662 727 685 mortem
754 647 953 696 cujusquam
981 649 1169 686 consentire
1187 677 1195 692 ,
1230 651 1286 687 lib.
1308 663 1339 695 7.
1358 655 1421 699 Ep2
1446 667 1474 688 1.
1494 653 1617 689 Indi&
1652 669 1681 692 1.

62 702 120 739 De
135 714 201 750 qua
219 715 275 744 re,
300 703 430 747 inquit,
456 713 556 737 unum
574 700 635 747 est,
652 699 740 748 quod
764 698 916 734 breviter
934 700 1102 747 suggeras
1123 701 1336 749 sereniffimis
1373 703 1512 738 dominis
1548 705 1683 750 vestris.

62 746 187 800 quodsi
201 763 263 800 ego
277 753 399 797 servus
416 753 594 797 servorum
619 752 655 784 in
682 757 788 784 morte
808 747 1107 794 Longobardorum
1130 762 1179 786 me
1203 753 1335 796 mzscere
1360 753 1531 799 voluiffem
1550 779 1557 793 ,
1584 754 1682 789 lzodie

61 799 363 849 Langobardorum
377 813 481 849 gens,
509 812 565 835 nec
583 810 712 847 regem,
740 809 799 832 nec
816 797 930 837 duces,
958 809 1017 832 nee
1037 802 1167 834 comites
1187 799 1342 841 haberet,
1379 811 1478 850 atque
1501 805 1537 838 in
1551 805 1682 848 summa

63 850 254 896 confusione
271 851 351 897 effer
371 850 484 894 divzsa
499 861 507 890 3
528 848 592 894 sed
610 850 690 895 quia
707 847 818 881 Deum
836 848 934 881 timeo
947 870 955 885 ,
983 848 1020 880 in
1038 857 1174 884 mortem
1194 848 1369 895 cujuslibet
1387 852 1529 887 hominis
1546 865 1594 887 me
1612 855 1684 898 mis-

63 899 318 946 cereformido.
372 901 548 941 Quantum
574 896 615 931 ab
642 896 699 931 illa
721 896 886 940 Gregorii
912 897 1033 941 Magni
1064 896 1226 932 sententia
1247 895 1390 934 fuerunt
1415 899 1517 935 alieni
1543 901 1683 947 pontifi-

62 958 134 988 ces,
161 950 222 993 qui
241 960 448 994 magnorum
467 946 639 982 bellorum
654 946 984 989 innumerarumque
1008 947 1163 982 caedium
1181 958 1316 982 autores
1331 947 1488 991 fuerunt,
1515 963 1592 985 cum
1612 951 1683 987 sen·

22 1040 24 1042 ¹
62 998 168 1032 tentia
184 996 408 1043 depositionis
426 997 461 1031 in
480 1008 575 1043 reges
595 995 728 1041 prolata
746 992 899 1040 ipsorum
920 1006 1043 1040 regna,
1071 996 1123 1032 vel
1148 997 1238 1038 aliis,
1272 997 1326 1032 vel
1352 1000 1469 1044 primo
1499 1003 1683 1045 occupanti

61 1045 295 1086 tradiderunt,
321 1044 530 1091 cunstosque
551 1044 694 1091 insuper
709 1045 751 1080 ad
770 1043 855 1079 bella
871 1043 1020 1089 gerenda
1047 1058 1332 1089 commoverunt3
1363 1047 1456 1093 quod
1472 1073 1480 1088 ‚
1518 1061 1683 1093 quantum

61 1106 82 1130 a
102 1096 280 1142 religionis
299 1095 497 1131 christianae
513 1096 707 1143 praeceptis
725 1093 880 1130 instituto
899 1092 1099 1135 abhorreat,
1126 1109 1164 1132 ex
1189 1095 1288 1134 distis
1307 1096 1373 1134 hoc
1397 1098 1615 1146 paragrapho
1632 1099 1683 1136 sa.

62 1145 108 1181 tis
127 1156 158 1180 et
177 1145 309 1181 abunde
326 1146 445 1191 liquet.

813 1309 840 1350 §.
893 1312 953 1346 IV.

214 1412 431 1463 Principibus
455 1413 488 1450 in
516 1412 614 1451 rebus
641 1412 792 1451 civilibus
818 1421 849 1453 et
875 1413 1117 1465 temporalibus
1143 1427 1255 1453 omnes
1281 1414 1338 1467 effe
1356 1415 1534 1468 ficbjeblos.

66 1512 300 1611 Neminem
319 1537 337 1559 a
354 1522 496 1558 summis
515 1520 738 1568 pontificibus
775 1535 793 1557 a
814 1522 881 1558 fide
901 1533 933 1558 et
953 1523 1165 1564 obedientia,
1201 1538 1286 1572 quae
1305 1528 1339 1563 in
1360 1527 1461 1564 rebus
1482 1531 1685 1576 temporali.

181 1574 244 1610 bus
262 1572 480 1620 principibus
506 1571 650 1605 debetur
662 1595 670 1611 ‚
699 1571 801 1606 eximi
818 1571 910 1617 posse
927 1585 965 1607 ex
983 1586 1022 1608 eo
1040 1573 1216 1610 manifeste
1233 1577 1422 1624 colligitur,
1452 1580 1546 1623 quod
1563 1592 1683 1616 omnes

66 1626 211 1662 omnino
232 1623 381 1669 regibus<
395 1623 429 1656 in
447 1620 516 1656 istis
535 1618 676 1667 subjeffi
692 1618 755 1654 effe
780 1619 958 1656 necessario
976 1623 1125 1660 debeant.
1179 1628 1322 1673 Quippe
1340 1639 1457 1662 omnes
1486 1629 1609 1664 Paulus
1636 1631 1681 1665 al·

65 1675 220 1720 loquitur
237 1697 246 1710 ,
286 1684 365 1707 cum
393 1672 438 1706 ait
465 1673 563 1705 Rom.
593 1682 648 1713 13.
685 1671 789 1704 omnis
817 1672 928 1705 anima
949 1672 1168 1718 potestatibus
1191 1674 1444 1719 sublimioribus
1468 1676 1602 1721 subdita
1626 1679 1692 1724 sit.v

66 1726 167 1760 Hanc
184 1734 293 1768 porro
310 1720 536 1756 obedientiam
559 1719 696 1765 regibus
713 1721 758 1753 ita
776 1718 922 1758 debitam
940 1719 1018 1760 esse,
1047 1732 1082 1755 ut
1100 1722 1213 1757 nullus
1229 1723 1269 1757 ab
1289 1736 1325 1758 ea
1341 1726 1526 1764 eximatur,
1553 1739 1610 1762 aut
1628 1741 1682 1763 re-

66 1773 206 1821 ligionis
225 1769 321 1805 causa
338 1770 438 1805 eximi
456 1768 574 1816 poffit,
601 1781 640 1803 ex
657 1767 760 1814 ipiius
780 1763 904 1803 Cin-isti
922 1767 1038 1803 verbis
1069 1770 1226 1816 colligere
1251 1771 1295 1807 est
1313 1785 1319 1804 ι
1356 1786 1433 1809 cum
1463 1776 1551 1811 enim
1579 1777 1680 1825 hujus

68 1821 283 1868 temporibus
300 1820 440 1865 quidam
457 1819 550 1865 apud
573 1818 711 1865 judaeos
731 1816 947 1859 emersissent,
975 1820 1034 1863 qui
1053 1819 1213 1855 docerent
1236 1821 1392 1857 illicitum
1422 1821 1484 1858 effe
1510 1825 1680 1863 tributum

66 1872 221 1919 pendere
251 1869 389 1910 caesari,
417 1880 536 1914 utpote
553 1878 696 1915 tyranno
715 1878 744 1902 et
770 1867 942 1912 religionis
975 1866 1063 1903 hosti
1081 1894 1089 1910 ,
1126 1870 1356 1916 interrogatus
1385 1885 1421 1907 ea
1452 1872 1492 1907 de
1511 1886 1564 1914 re,
1594 1876 1680 1920 quid

65 1922 204 1957 sentiret
222 1917 397 1956 Christus,
424 1930 500 1953 cum
519 1916 665 1963 petiisset
689 1915 856 1951 numisma
883 1916 1014 1958 census,
1050 1918 1371 1965 interrogassesque,
1408 1921 1502 1969 cujus
1526 1922 1602 1959 esset
1627 1926 1681 1959 in-

69 1969 207 2016 scriptio
226 1965 417 2013 eteffigies,
448 1978 479 2003 et
498 1966 694 2012 responsum
714 1963 825 2000 fuisset
854 1978 926 2001 eam
947 1965 1009 2001 esse
1037 1966 1189 2008 caesaris,
1223 1970 1359 2016 adjecit:
1396 1972 1550 2007 Reddite
1575 1985 1680 2022 ergo.

69 2031 154 2071 quae
176 2020 256 2065 sunt
286 2018 443 2061 caesaris,
477 2018 630 2062 caesari,
666 2025 700 2051 et
726 2027 808 2063 quae
827 2016 909 2060 sum
931 2016 1026 2055 Dei,
1059 2017 1144 2052 Deo.
1174 2019 1297 2054 Matth.
1327 2032 1381 2055 22.
1402 2032 1432 2054 ν.
1460 2033 1490 2055 2.
1545 2024 1680 2068 Quibus

69 2069 184 2104 verbis
201 2065 367 2114 probatur
382 2078 451 2101 non
469 2065 571 2102 modo
590 2064 753 2111 religioni
773 2077 840 2099 non
859 2061 1010 2106 officere,
1037 2064 1058 2099 fi
1081 2067 1247 2103 tributum
1267 2069 1431 2104 reddatur
1461 2070 1592 2112 caesari,
1621 2072 1679 2108 sed

70 2128 204 2165 partem
223 2116 400 2161 religionis
419 2114 498 2154 esse,
533 2126 570 2150 ut
588 2127 672 2160 quae
691 2113 767 2149 sunt
791 2114 948 2154 caesaris,
976 2115 1163 2151 reddantur
1186 2116 1306 2153 caesari
1325 2131 1333 2155 :
1368 2131 1437 2164 quo
1463 2131 1553 2155 certe
1575 2121 1680 2167 respi-

71 2167 115 2202 cit
134 2167 254 2203 Paulus
270 2169 371 2201 Rom.
395 2177 448 2210 13.
466 2164 634 2200 scribens:
660 2164 810 2199 Reddite
826 2162 971 2198 omnibus
995 2164 1143 2201 debitum
1161 2180 1172 2205 ,-
1208 2170 1262 2202 cui
1286 2169 1437 2217 veHigal
1454 2193 1462 2208 ‚
1506 2170 1676 2219 vefiigal5

69 2219 124 2251 cui
140 2215 322 2255 tributum,
349 2214 534 2250 tributum5
559 2217 612 2248 cuz·
631 2214 800 2253 honorem,
827 2213 989 2247 honorem.
1042 2213 1115 2258 1pse
1133 2217 1231 2251 etiam
1253 2216 1404 2253 Christus
1423 2217 1586 2253 tributum
1607 2233 1676 2265 pro

72 2264 105 2301 se
124 2275 156 2301 et
171 2276 236 2313 pro
254 2263 320 2299 suis
338 2262 424 2300 solvi
440 2263 566 2305 voluit,
594 2262 719 2299 Matth.
744 2264 933 2347 17.1Btal‹²3tLe
955 2275 994 2298 ex
1014 2264 1191 2311 evangelio
1215 2265 1357 2309 constat,
1393 2278 1510 2303 omnes
1532 2270 1677 2307 omnino

147 2325 151 2330 ’
950 2323 970 2347 2
1540 2317 1627 2354 chri·
