1982 2739
307 221 376 265 ¹9⁵
573 213 646 249 DE
679 208 962 251 ANTIQUA
987 201 1273 244 ECCLESIAE
1321 200 1661 237 DISCIPLINA

405 301 482 340 1³0st
497 299 669 348 apostolos
688 297 841 333 eamdem
862 292 1077 339 disciplinam
1098 289 1284 336 {emperia
1304 287 1433 323 ecclesia
1455 289 1598 336 viguiffe
1624 302 1678 326 res
1699 288 1746 325 est
1768 300 1863 326 extra

256 366 399 393 omnem
418 348 698 389 controverfiarn‚
726 345 974 382 observandum
992 340 1209 377 solummodo
1229 337 1285 380 est,
1311 337 1483 383 duplicem
1499 338 1597 374 fuisse
1620 339 1702 376 olim
1734 351 1866 374 excom·

256 404 525 443 municationem
547 411 614 446 pro
633 397 761 443 duplici
782 406 940 432 reorum,
968 394 1002 426 in
1021 402 1106 436 quos
1117 388 1308 429 ferebatur,
1321 389 1453 422 ratione
1470 401 1478 421 :
1506 401 1573 424 una
1590 392 1714 424 etenim
1737 400 1806 424 erat
1829 389 1867 423 in

257 467 335 494 eos,
363 455 429 497 qui„
440 451 494 487 vel
510 462 572 496 per
591 445 842 483 convissionem
861 469 869 484 ,
895 442 949 477 vel
965 454 1028 487 per
1047 439 1266 486 spontaneam
1291 434 1532 472 confeffionem
1552 440 1704 473 criminis
1721 438 1864 484 alicujus

258 503 429 549 corn-perti
456 501 495 535 de
514 512 553 534 eo
574 498 728 532 dolentes
746 507 783 530 ac
802 503 972 540 gementes
990 503 1008 524 a
1026 487 1267 525 communione
1292 486 1574 528 removebantur,
1602 498 1672 522 tam
1689 487 1731 521 ad
1755 486 1867 522 mede·
1893 503 1897 508 ·

260 552 345 591 Iam,
363 563 465 599 quam
482 549 524 584 ad
542 546 749 591 exemplum.
803 542 917 578 Altera
935 552 1017 575 vero
1037 536 1340 573 excommunicatio
1366 532 1541 571 ferebatur
1558 537 1593 571 in
1613 535 1753 571 rebelles
1769 561 1778 577 ,
1805 535 1868 581 qui

258 601 315 639 vel
333 603 366 635 in
387 599 451 634 suo
465 609 580 632 errore
596 596 785 642 pertinaces
805 592 1001 630 haerebant,
1027 587 1079 622 vel
1097 587 1223 621 crimen
1242 583 1338 619 suum
1365 585 1548 629 agnoscere
1571 597 1602 620 et
1623 585 1783 632 plangere
1800 582 1868 620 ‘de-

259 650 456 687 treblabant.
508 649 662 689 Utraque
681 639 984 677 excommunicatio
1007 650 1045 671 ex
1065 635 1163 671 sacris
1189 634 1313 669 litteris
1332 633 1524 680 colligitur,
1559 647 1590 670 et
1606 647 1749 679 utraque
1773 633 1867 680 apud

255 702 423 744 ⁴antiquos
442 699 477 731 in
495 694 560 730 usu
574 694 649 729 fuit.
704 691 803 726 Prior
821 689 860 724 ab
879 685 1070 733 Augustino
1089 685 1214 719 dicitur
1232 683 1439 718 medicinalis
1456 710 1464 724 ,
1500 683 1668 729 poster-ior
1692 684 1867 719 mortalis:

261 751 332 785 Nos
353 760 449 787 vero,
478 745 591 789 inquit
609 744 643 776 in
660 741 720 776 lib.
741 753 794 783 50.
812 742 920 774 Hom.
941 737 1035 770 hom.
1063 734 1144 770 ult„
1178 744 1368 781 quemquam
1398 746 1417 767 a
1440 737 1665 768 communione
1687 732 1875 779 prohibere

261 797 523 844 monpqffumus‚
550 794 702 840 quamvis
726 792 805 824 haec
827 785 1016 834 prohibitio
1041 783 1187 818 nondum
1218 783 1369 816 mortalis
1383 783 1448 828 fit,
1469 782 1533 827 fed
1558 783 1785 819 medicinalis,
1812 781 1875 829 mfi

261 856 325 883 aut
335 849 459 892 sponte
479 842 659 888 confessum
673 864 681 879 ‚
707 847 768 873 aut
786 840 822 870 in
838 837 954 881 aliquo
971 858 979 872 ‚
1000 832 1070 879 five
1078 831 1268 875 saeculari,
1275 830 1348 875 five
1365 831 1563 877 ecclesiastico
1574 831 1708 877 judicio
1721 833 1874 866 nomina-

262 906 334 933 tum
352 903 452 940 atque
472 890 669 926 conviffum.
722 883 962 931 Medicinalem
981 878 1367 914 excommunicationem
1390 878 1471 912 alibi
1494 877 1535 913 fic
1563 879 1708 924 explicat
1729 880 1875 914 nomine

252 943 493 991 poenitentiae
514 952 564 985 ep.
587 943 666 975 108-
691 937 813 982 Agunt
831 935 932 966 etiam
949 931 1091 965 homines
1107 928 1366 974 poenitentiam,
1384 926 1407 969 fi
1422 926 1493 973 post
1519 926 1719 974 baptismum
1736 931 1785 964 ita
1798 940 1873 975 pee-

263 994 440 1030 caverint,
468 997 507 1023 ut
529 985 826 1022 excommunicari,-
855 990 888 1015 et
903 980 1009 1025 postea
1036 977 1252 1013 reconcilmri
1277 985 1480 1011 mereantur.
1533 976 1629 1011 Idem
1650 977 1685 1011 in
1710 976 1767 1013 lib.
1795 975 1875 1023 post

263 1041 375 1077 collat.
392 1047 510 1073 contra
532 1031 724 1071 Donatistas
743 1032 823 1066 haec
843 1028 960 1068 habet,
976 1027 1042 1061 huc
1061 1026 1160 1060 etiam
1183 1024 1395 1070 pertinentia
1413 1037 1422 1057 z
1454 1026 1573 1072 Neque
1599 1029 1684 1060 enim
1708 1038 1729 1061 a
1750 1027 1877 1073 populo

262 1090 336 1126 1222·
347 1090 560 1134 separamus,
586 1095 661 1132 quos
681 1083 734 1125 vel
751 1077 990 1127 degradando,
1016 1077 1071 1110 vel
1090 1072 1393 1109 excommunicando
1411 1073 1457 1108 ad
1476 1075 1682 1110 humiliorem
1697 1078 1874 1122 poeniten-

263 1142 335 1176 tiae
353 1140 453 1172 locum
472 1134 672 1181 redigimus.
723 1130 840 1176 Hujus
860 1123 1215 1162 excommunicationis
1242 1123 1277 1156 in
1296 1121 1394 1157 sacris
1417 1122 1540 1159 litteris
1569 1135 1653 1160 extat
1679 1123 1874 1170 exemplum

264 1187 341 1223 sane
361 1182 592 1231 gravissimum
611 1178 783 1216 incestuosi
804 1177 927 1212 scilicet
951 1174 1144 1214 Corinthii,
1173 1171 1312 1219 ejusque
1331 1170 1369 1206 fit
1385 1171 1503 1217 paffim
1520 1175 1650 1209 mentio
1670 1185 1737 1209 tam
1763 1174 1798 1208 in
1819 1186 1873 1209 ca-

266 1234 438 1272 nonibus,
465 1244 566 1276 quarn
584 1232 618 1264 in
635 1227 861 1274 scriptoribus
889 1223 1132 1262 ecclefiasticis‚
1161 1233 1309 1265 quorum
1327 1221 1517 1255 testimonia
1544 1220 1722 1267 proferre,
1748 1222 1803 1257 hic
1819 1221 1874 1258 fo·

267 1296 320 1321 net
339 1281 471 1317 inutile.
514 1279 619 1314 Eccui
637 1277 726 1311 enim
744 1286 834 1309 nunc
850 1275 1010 1318 ignotum
1037 1272 1082 1304 est
1100 1269 1314 1315 poenitentes
1335 1268 1418 1303 olim
1439 1281 1508 1303 non
1528 1269 1636 1304 solum
1657 1272 1872 1306 communio-

268 1345 313 1368 ne
331 1330 487 1376 corporis
508 1324 634 1362 Christi
651 1350 660 1363 ,
687 1324 743 1359 sed
771 1325 869 1357 etiam
891 1319 1038 1354 ecclesiae
1056 1319 1303 1352 communione
1330 1316 1469 1351 orbatos
1494 1315 1590 1353 fuisse
1617 1331 1647 1354 et
1668 1332 1686 1354 a
1710 1319 1873 1366 precibus

269 1393 308 1417 ac
326 1377 550 1414 conventibus
569 1372 808 1410 communibus
830 1369 1019 1414 segregatos
1039 1368 1055 1399 ’ἔ
1083 1367 1146 1401 Sed
1174 1366 1215 1400 de
1241 1366 1302 1399 hac
1328 1369 1674 1403 excommunicatione
1700 1381 1771 1404 non
1802 1370 1871 1415 agi-

269 1442 368 1470 mus3
396 1438 513 1462 verum
535 1425 575 1459 de
594 1424 665 1463 illa,
694 1434 778 1467 qnae
794 1418 949 1455 mortalis
967 1417 1008 1451 ab
1025 1415 1216 1461 Augustino
1234 1414 1375 1456 dicitur,
1401 1412 1583 1461 ferturque
1606 1419 1641 1452 in
1667 1431 1746 1453 reos
1766 1419 1877 1465 perti·

270 1490 370 1514 naces
386 1488 416 1510 et
431 1475 588 1514 rebelles,
616 1473 675 1517 qui
694 1471 736 1505 ad
754 1469 928 1504 meliorem
947 1463 1084 1509 frugem
1102 1463 1213 1497 redire
1229 1463 1352 1497 nolunt
1373 1477 1381 1496 ε
1409 1464 1449 1499 de
1469 1477 1534 1510 qua
1549 1491 1559 1505 ,
1579 1478 1615 1501 ut
1635 1465 1794 1503 traEietur
1814 1481 1872 1503 or-

271 1529 371 1563 dine,
398 1523 641 1569 inquirendum
658 1521 792 1566 primo,
819 1531 836 1552 a
857 1514 981 1560 quibus
1007 1525 1038 1547 et
1054 1510 1230 1556 quomodo
1261 1507 1455 1547 inferretur.
1509 1516 1686 1561 Secundo,
1711 1518 1749 1554 in
1782 1529 1875 1564 quot

270 1589 303 1613 et
328 1586 478 1624 propter
496 1572 579 1620 quid
594 1569 753 1608 ferretur.
806 1565 941 1615 Tertio,
962 1563 1104 1610 quinam
1123 1561 1192 1610 ejus
1210 1558 1310 1596 effent
1327 1558 1478 1598 effestus,

894 1982 1244 2023 l

1573 2240 1803 2296 CAPUT
