1982 2739
340 218 409 244 ποι
571 207 642 244 DE
668 202 953 250 ANTIQUA‘
975 196 1265 242 ECCLESIAE
1288 203 1638 244 DlscffttNA³

285 296 496 334 munieatum
516 293 556 329 ab
573 295 733 331 omnibus
752 294 918 342 episcopis
935 306 1002 341 pro
1019 293 1310 330 excommunicato
1330 293 1524 331 habendum
1540 294 1619 336 effe,
1658 307 1718 330 nec
1743 305 1761 328 a
1777 294 1903 330 Romn-

289 358 354 387 no,
390 357 447 380 aut
472 345 538 379 alio
567 357 744 390 quoquam
768 344 887 392 suscipi
911 344 1034 379 debere
1061 343 1174 378 saltem
1202 343 1292 391 juxta
1318 344 1527 380 ordinariam
1554 345 1719 392 regulam.
1781 343 1906 388 Aliqua

291 407 404 431 tamen
422 395 620 440 exceptione
639 394 773 430 videtur
789 394 868 429 haec
887 394 1002 440 regula
1021 393 1196 440 indigere,
1221 399 1328 438 quum
1347 393 1470 442 aliquis
1489 392 1804 430 excommunicatur
1822 391 1904 440 asy-

291 444 385 480 nodo
401 445 598 492 provinciae
615 449 770 491 propter'
780 445 927 490 aliquam
946 440 1150 483 dostrinam,
1169 454 1268 490 quam
1278 443 1360 478 aliae
1371 441 1523 478 ecclesiae
1534 443 1732 479 catholicam
1741 443 1909 479 arbitran-

291 506 367 532 tur,
395 505 475 529 tunc
493 495 584 528 enim
602 507 672 530 non
691 494 800 530 solum
822 495 850 528 is
870 506 888 529 a
904 494 1145 529 communione
1162 492 1321 537 pellitur,
1350 492 1404 527 sed
1422 504 1454 528 et
1468 504 1612 528 caeterae
1632 492 1799 532 ecclefiae,
1823 503 1910 536 quae

290 556 369 579 cum
387 556 427 579 eo
445 541 591 578 sentiunt
609 544 895 579 excommunicari
913 543 1083 578 videntur.
1135 544 1228 577 Hinc
1247 544 1342 588 saepe
1367 539 1497 577 fafiium
1518 541 1579 583 est,
1608 553 1645 577 ut
1660 541 1783 587 aliquis
1803 553 1911 587 prop-

291 606 341 629 ter
363 591 552 628 dostrinam
571 593 612 626 ab
631 591 794 639 episcopo
814 591 873 627 suo
893 590 1093 639 synodoque
1113 591 1638 636 provinciaeiexcommunicntus
1657 592 1699 626 ab
1716 591 1789 627 aliis
1811 589 1911 624 eccle-

291 642 346 678 fiis
367 641 616 677 defenderetur.
670 644 750 685 Quo
768 643 803 676 in
820 640 914 679 casu,
939 640 1029 676 idem
1048 641 1214 688 judicium
1233 640 1411 676 ferendum
1430 641 1470 675 de
1489 641 1837 677 excommunicatione
1847 640 1911 674 hu-

290 692 343 740 jus
361 692 485 738 privati
498 717 506 731 ,
533 703 569 726 ac
587 691 626 726 de
645 692 995 737 excommunicatione
1011 703 1129 727 mutua
1147 689 1355 726 ecclesiarum
1374 701 1404 725 et
1424 689 1677 737 episcoporum,
1690 691 1730 726 de
1741 702 1808 736 qua
1818 689 1910 725 dein-

291 754 369 788 ceps
391 752 543 787 agemus.
1178 759 1182 763 ν

427 793 492 826 ⁴Ut
512 801 625 825 autem
645 788 733 825 istud
761 790 1122 826 excommunicationis
1145 801 1252 834 genus
1283 789 1488 835 explicetur,
1521 787 1771 823 observandum
1795 786 1841 822 est
1859 799 1911 823 to-

292 841 360 876 tius
381 839 473 875 orbis
492 839 639 874 ecclefias
657 841 901 875 communione
917 841 1004 874 inter
1025 837 1056 873 se
1074 837 1205 884 junstas
1225 836 1346 876 fuisse,
1373 840 1417 874 ita
1433 864 1442 879 ,
1468 849 1506 872 ut
1519 849 1560 871 ex
1579 838 1620 871 iis
1643 837 1736 871 velut
1755 849 1822 871 una
1839 849 1913 873 coa-

292 888 426 923 lesceret
445 887 585 923 ecclelia.
638 888 699 923 Illa
716 901 825 935 porro
843 889 1042 923 communio
1061 887 1196 922 duobus
1214 884 1399 932 praecipue
1419 886 1533 921 modis
1551 884 1789 920 innotescebat.
1837 887 1911 921 Pri-

293 951 372 978 mo,
409 951 447 972 ex
464 938 585 972 litteris
604 939 860 972 communionis
878 950 960 982 quas
977 936 1017 971 ad
1037 935 1068 970 se
1085 937 1230 970 invicem
1249 935 1450 971 scribebant.
1500 934 1655 970 Secundo
1668 960 1676 975 ‚
1706 947 1744 969 ex
1762 933 1911 981 benigna

294 986 504 1032 susceptione
521 998 651 1026 eorum,
664 988 725 1030 qui
743 986 783 1021 ab
804 988 948 1021 externis
965 984 1108 1020 ecclesiis
1126 984 1320 1023 veniebant,
1350 996 1382 1019 et
1407 997 1446 1019 ex
1456 982 1605 1020 concessa
1621 984 1686 1018 illis
1698 985 1912 1019 communio-

294 1049 351 1070 ne:
379 1047 456 1070 nam
476 1035 535 1080 qui
553 1047 591 1069 ex
609 1047 676 1070 una
692 1034 825 1070 ecclesia
844 1036 879 1069 in
897 1035 978 1070 alias
1003 1035 1246 1070 communione
1264 1032 1393 1079 inustas
1409 1034 1462 1068 vel
1474 1034 1764 1080 ,peregrinationis
1787 1031 1841 1067 vel
1851 1032 1912 1069 ali-

293 1085 388 1132 cujus
409 1085 539 1130 negotii
558 1096 639 1130 ergo
655 1084 857 1125 transibant,
888 1083 1156 1130 suscipiebantur
1173 1094 1203 1118 et
1220 1082 1484 1118 admittebantur
1498 1082 1540 1118 ad
1557 1081 1665 1123 sacra,
1693 1080 1715 1116 fi
1734 1081 1841 1117 modo
1858 1081 1914 1118 lit-

295 1147 384 1169 teras
401 1133 696 1169 commendatitias
714 1134 876 1169 haberent
895 1134 1020 1179 quibus
1038 1132 1201 1168 constaret
1218 1144 1277 1166 eos
1294 1145 1365 1167 non
1383 1131 1444 1168 effe
1465 1145 1482 1167 e
1507 1144 1652 1167 numero
1679 1132 1912 1166 excommuni-

296 1196 452 1219 catorum
465 1208 473 1223 ,
501 1183 540 1218 ad
561 1183 713 1218 eamdem
732 1184 822 1218 enim
841 1184 1121 1218 communionem
1140 1193 1171 1217 et
1193 1180 1449 1217 consensionem
1481 1179 1691 1216 ecclefiarum
1718 1180 1910 1227 pertinebat

294 1234 342 1267 uti
363 1233 466 1267 modo
486 1232 671 1277 probatum
694 1230 756 1270 est,
783 1244 861 1273 eos.
891 1233 951 1277 qui
961 1231 1001 1266 ab
1022 1244 1086 1266 una
1105 1229 1235 1266 ecclefia
1250 1231 1529 1266 excommunicati
1545 1229 1690 1269 fuerant,
1701 1229 1744 1264 ad
1753 1241 1911 1265 commu-

295 1284 434 1317 nionem
457 1293 527 1314 non
545 1281 732 1315 admittere.
1289 1285 1297 1290 ·

443 1327 655 1374 Huiusmodi
673 1340 782 1374 porro
806 1327 1018 1364 litterarum,
1044 1325 1170 1370 quibus
1189 1325 1339 1360 ecclesiae
1367 1324 1474 1360 siecum
1499 1326 1644 1362 invicem
1675 1328 1908 1363 communica-

292 1381 384 1420 bant,
396 1377 641 1424 antiquissimus
658 1376 738 1413 usus
758 1376 821 1417 est,
846 1375 1074 1420 solemnisque
1089 1388 1165 1410 mos
1184 1376 1291 1410 extitit
1308 1387 1426 1421 pacem
1445 1386 1476 1410 et
1492 1378 1771 1412 communionem
1788 1388 1852 1423 per
1867 1376 1909 1412 li-

294 1441 380 1465 teras
400 1429 480 1463 dare
497 1428 547 1462 vel
565 1426 709 1462 auferre.
762 1428 814 1460 Sic
832 1425 1067 1460 Tertullianus
1087 1421 1176 1458 testis
1195 1424 1260 1463 est,
1288 1423 1488 1469 episcopum
1509 1428 1702 1461 Romanum
1729 1438 1795 1472 per
1816 1426 1907 1461 litte·
1945 1451 1949 1453 >

293 1491 346 1515 ras
369 1478 646 1512 communionem
667 1487 744 1509 cum
762 1473 1037 1521 Cataphrygibus
1055 1471 1162 1506 iniisse
1178 1484 1318 1515 eamque
1337 1473 1453 1516 postea
1470 1473 1644 1511 revocasse.
1697 1476 1750 1511 Sic
1769 1476 1910 1523 Cypria·

294 1541 359 1563 nus
378 1539 410 1561 et
436 1538 512 1561 cum
532 1538 573 1561 eo
597 1522 749 1560 Africani
774 1522 925 1569 episcopi
944 1521 1046 1561 ‘causa
1070 1520 1223 1554 Cornelii
1250 1531 1281 1555 et
1305 1522 1492 1555 Novatiani
1519 1524 1674 1558 nondum
1701 1523 1839 1560 discussa
1865 1524 1908 1559 ad

295 1588 457 1613 neutrum
477 1575 606 1609 litteras
627 1572 832 1619 scripserunt
845 1597 855 1612 .
883 1571 989 1606 donec
1006 1570 1101 1606 omni
1121 1568 1285 1615 scrupulo*
1301 1570 1341 1604 de
1356 1569 1567 1615 singulorum
1586 1571 1786 1617 pestoribus
1797 1572 1908 1608 excus-

296 1626 333 1662 fo
350 1626 478 1661 litteras
497 1623 680 1663 dederunt,
707 1634 779 1658 tum
798 1623 838 1656 ad
857 1620 1059 1656 Cornelium
1077 1631 1151 1654 tum
1169 1620 1209 1653 ad
1229 1630 1395 1657 caeteros,
1424 1632 1507 1664 quae
1527 1619 1623 1655 testes
1641 1632 1734 1656 erant
1758 1633 1909 1658 commu-

296 1677 407 1711 nionis
430 1674 505 1709 suae
520 1686 595 1708 cum
620 1672 790 1707 Cornelio.
843 1672 896 1706 Sic
914 1669 1051 1705 concilii
1070 1668 1271 1703 Antiocheni
1295 1667 1453 1704 adversus
1481 1669 1622 1706 Paulum
1652 1669 1908 1706 samosatenum

298 1725 448 1771 episcopi
468 1725 631 1758 certiores
647 1720 776 1757 faciunt
795 1720 880 1755 alios
899 1719 1094 1766 episcopos,
1121 1730 1157 1752 ut
1176 1719 1500 1754 communicatorias
1517 1718 1557 1754 ad
1581 1719 1748 1755 domnum
1772 1722 1910 1755 mittant

296 1788 327 1809 et
343 1775 382 1810 ab
414 1786 453 1808 eo
481 1772 660 1819 suscipiant
677 1798 684 1812 ‚
721 1773 871 1816 itemque
895 1772 1069 1806 Romanus
1094 1766 1227 1803 antistes
1256 1778 1288 1803 et
1304 1768 1378 1803 Itali
1404 1781 1468 1816 per
1489 1768 1620 1804 litteras
1637 1769 1730 1805 luam
1747 1781 1824 1805 cum
1844 1770 1907 1806 isto

296 1825 574 1860 communionem
594 1820 792 1867 significant.
1013 1849 1022 1857 .

446 1877 494 1907 lta
513 1884 650 1917 quoque
670 1874 834 1917 Optatus,
869 1880 906 1905 ut
927 1866 960 1903 se
991 1866 1136 1912 suosque
1160 1877 1237 1902 cum
1264 1865 1372 1900 totius
1398 1866 1493 1902 orbis
1520 1866 1660 1903 ecclesiis
1687 1869 1905 1904 communio-

295 1935 337 1957 ne
362 1920 497 1971 junstos
526 1920 786 1960 demonstraret,
839 1920 894 1959 ait,
947 1916 980 1952 se
1007 1915 1154 1962 suosque
1177 1927 1253 1950 cum
1280 1915 1400 1950 Sit-icio
1425 1918 1697 1964 communicare:
1733 1919 1812 1953 Cum
1829 1931 1903 1966 quo,

292 1973 425 2018 inquit,
453 1981 542 2006 totus
563 1970 653 2005 orbis
672 1971 859 2006 commercio
871 1971 1104 2015 formatarum
1122 1969 1158 2001 in
1176 1976 1243 2000 una
1271 1969 1502 2001 communionis
1522 1969 1684 2011 societate
1711 1967 1901 2002 concordat.

292 2022 494 2065 Eodemque
513 2021 545 2054 in
567 2020 706 2064 negono
724 2017 933 2063 Augustinus
950 2014 1042 2061 epist.
1069 2020 1148 2051 162.
1166 2015 1228 2050 ait,
1256 2014 1484 2050 Caecilianum
1508 2017 1677 2050 Romanae
1691 2015 1844 2062 *ecclesiae
1869 2025 1903 2051 et

293 2074 432 2108 caeteris
448 2072 548 2104 terris
564 2081 627 2114 per
643 2071 776 2102 litterai
797 2068 1094 2101 communicatorias
1119 2064 1179 2110 tffi
1204 2064 1422 2107 conjmzfflm,
1484 2065 1577 2099 Idem
1599 2064 1699 2099 habet
1727 2062 1841 2110 paffim
1866 2065 1903 2099 in

291 2123 390 2157 libris
409 2131 522 2153 contra
542 2117 750 2156 Donatistas,
780 2118 812 2150 in
829 2115 953 2160 quibus
975 2127 1032 2148 eos
1049 2125 1164 2159 urget,
1193 2123 1229 2146 nt
1249 2112 1420 2146 ostendunt
1439 2112 1470 2147 se
1488 2113 1615 2148 litteras
1633 2114 1903 2148 communicato.

292 2173 357 2206 rias
378 2169 499 2205 lubere
518 2167 558 2202 ab
579 2165 736 2202 omnibus
756 2165 911 2200 eeclesiis.
964 2166 1067 2198 Tunc
1086 2163 1185 2196 etiam
1204 2161 1282 2196 tesie
1299 2162 1434 2196 Gelalio
1455 2162 1551 2207 epist.
1581 2175 1610 2197 1.
1639 2173 1713 2197 mos
1739 2173 1809 2196 erat
1833 2163 1901 2198 Ro.

290 2222 379 2256 mani
403 2217 556 2266 episcopi
575 2228 690 2251 recens
709 2213 816 2250 evefiii
835 2214 874 2249 ad
894 2225 1039 2249 caeteras
1055 2210 1201 2246 ecclesias
1222 2211 1348 2244 litteras
1366 2211 1621 2245 communionis
1639 2211 1899 2256 mittere,atque

290 2271 351 2305 bac
369 2270 409 2304 de
427 2266 523 2304 causa
541 2267 699 2308 Meletius
724 2264 977 2308 Antiochenus‚
1011 2262 1143 2296 Atticus,
1168 2259 1559 2304 Constantinopolitanus
1587 2271 1619 2295 et
1643 2259 1700 2294 alii
1724 2258 1896 2306 praesules

284 2320 428 2357 Romani
439 2315 593 2366 ‘episcopi
608 2315 887 2352 communionem
903 2311 1084 2349 ambientes
1102 2309 1259 2357 petebant
1277 2309 1318 2344 ad
1337 2308 1367 2344 se
1387 2310 1499 2345 literas
1519 2308 1775 2346 communionis
1802 2308 1894 2350 dari,

1801 2355 1845 2394 fi'c
