2022 2733
345 193 850 232 DISSERTATIONES
877 197 1414 239 HlsTORICAE.D1sstn.
1439 202 1486 239 V.
1566 204 1668 245 '28¹2

97 290 231 325 tantum
250 282 389 319 nomine
412 283 580 326 accusare,
633 285 729 331 quod
753 286 958 334 negligentia
980 287 1039 324 sua
1064 301 1219 325 errorem
1247 290 1558 328 Monothelitarutn
1574 290 1714 330 foverit,

98 334 298 380 Utrumque
313 335 407 369 enim
424 335 459 369 in
477 335 642 371 Honorio
662 336 867 382 reprehendi
886 338 1012 374 merito
1029 341 1164 386 potuit,
1191 351 1225 376 et
1242 342 1336 386 quod
1353 354 1371 376 a
1387 339 1455 376 fide
1465 342 1610 377 deviarit
1627 341 1714 389 ipse,

91 393 124 418 et
134 383 226 429 quod
243 383 326 419 alios
342 384 516 420 deviantes
527 398 597 421 non
614 387 818 429 correxerit;
846 398 1030 433 utrumque
1049 389 1129 425 dicit
1148 393 1216 426 Leo
1227 393 1271 425 ΙΙ.
1300 390 1441 438 epistola
1463 391 1506 426 ad
1526 392 1717 439 imperato-

93 445 166 469 rem
183 433 442 476 constantium,
467 447 610 476 necnon,
636 436 767 479 inquit,
794 445 828 471 et
838 437 1029 473 Honorium
1041 441 1385 481 anathematizamus,
1411 442 1474 485 qui
1486 441 1716 488 hancaposto-

91 481 192 518 licam
205 482 371 519 ecclefiam
381 497 451 519 non
463 482 667 530 apostolieae
684 484 878 520 traditionis
891 485 1045 521 dostrina
1055 488 1244 530 illustravit,
1261 489 1317 524 sed
1327 490 1509 536 prophana
1525 492 1714 527 traditione

92 533 344 569 immaculatam
362 535 524 569 maculari
544 531 707 580 permisit.
737 536 790 567 Ita
809 535 909 568 etiam
929 534 1171 571 Constantinus
1189 539 1226 571 in
1244 537 1379 574 edicto.-
1429 540 1715 576 Anathematiza-

93 595 164 619 mus
196 586 256 631 qui
269 582 434 619 novorum
450 583 645 631 dogmatum
661 583 809 618 afflare:
825 591 861 617 et
872 585 1032 630 fautores
1047 585 1150 629 sum,
1183 584 1415 627 Theodorum,
1442 588 1618 637 Sergium,
1644 588 1712 627 &a

95 642 195 681 atque
211 636 316 668 etiam
331 633 524 667 Honor-ium
544 633 662 667 horum
671 634 872 678 fautorem,
926 632 1119 680 adjutorem
1137 643 1171 669 et
1192 634 1456 678 confirmatorem
1471 638 1626 685 haeresis,
1677 649 1713 676 et

94 683 180 718 alias
196 682 242 716 ad
258 683 337 717 llaec
353 682 527 716 Honorius
545 682 737 729 hujusmodi
752 683 924 728 haereseos
941 681 1177 726 confirmator,
1193 687 1253 733 qui
1275 685 1452 733 etiamfibi
1469 689 1539 733 ipse
1552 698 1715 736 pugnat2

91 740 152 767 etc.
206 733 256 766 lta
284 743 353 766 non
377 741 508 766 tantum
526 733 714 768 Honorius
738 731 903 767 haereiim
921 732 1238 769 Monothelitarum
1265 733 1453 771 nascentem
1475 740 1712 783 comprimere

93 779 259 827 neglexit,
287 793 357 816 non
374 791 507 817 tantum
524 782 636 828 Sergii
657 792 690 816 et
711 781 860 818 aliorum
879 782 1126 819 haereticorum
1145 782 1302 830 personis
1338 783 1442 828 ἴαν-1η
1472 784 1528 821 sed
1556 798 1587 821 et
1607 788 1712 834 ipsius

62 852 67 855 —
92 828 268 866 haereseos
286 829 404 866 fautor
424 842 456 866 et
477 829 699 867 confirmator
718 828 789 866 fuit
805 845 846 867 ex
864 843 978 868 mente
994 834 1121 869 Leonis
1139 843 1173 868 et
1189 833 1420 876 Constantini,
1454 847 1557 880 quam
1583 850 1711 884 perpe-

94 892 167 915 ram
183 880 250 916 alio
269 880 408 915 trahunt
424 880 603 928 plerique,
639 893 711 917 non
732 879 975 928 distinguentes
1000 884 1087 918 inter
1114 881 1291 919 fautorem
1309 884 1560 920 haereticorum
1581 899 1611 921 et
1632 889 1710 923 hne—
1750 913 1763 921 .

86 929 213 966 reseOS.
267 931 338 973 Qui
366 929 532 977 personae
550 942 682 966 tantum
698 931 952 967 haereticorum
973 930 1088 968 fautor
1108 933 1172 971 est,
1197 932 1307 980 potest
1326 946 1396 969 non
1419 933 1480 968 effe
1498 935 1708 979 haereticus,

90 990 124 1014 at
135 981 199 1023 qui
216 973 331 1015 fautor
350 991 382 1015 et
399 979 624 1015 confirmator
643 979 689 1014 est
705 981 898 1019 haerefeos,
926 982 1034 1026 qualis
1052 980 1121 1017 fuit
1142 984 1342 1022 Honorius,
1378 984 1406 1017 is
1425 996 1494 1019 non
1512 985 1626 1030 potest
1636 1000 1708 1022 non

89 1026 152 1063 effe
168 1029 373 1064 haereticus:
402 1029 470 1064 ruit
487 1041 572 1075 ergo
591 1042 678 1064 vana
696 1029 753 1063 illa
779 1029 969 1072 distinffio,
998 1044 1065 1076 qua
1087 1031 1157 1067 sola
1180 1032 1290 1079 potest
1314 1034 1496 1068 Honorius
1525 1033 1566 1069 ab
1592 1034 1707 1071 haere-

91 1075 164 1113 seos
182 1079 325 1114 crimine
345 1090 422 1114 cum
440 1078 611 1114 nonnullo
633 1078 748 1114 colore
773 1080 950 1115 vindicari.
1085 1091 1087 1095 ’

240 1145 351 1179 Porro
366 1142 562 1190 exemplum
580 1141 667 1179 istud
685 1145 841 1180 Honorii
863 1156 894 1180 et
916 1145 991 1183 alia,
1009 1158 1094 1191 quae
1115 1145 1270 1192 superius
1298 1147 1520 1191 adduximus,
1554 1151 1708 1197 probant

88 1194 261 1227 Romanos
278 1192 462 1238 pontifices
482 1194 583 1227 etiam
593 1204 630 1226 ut
640 1192 832 1237 pontifices,
860 1206 957 1237 arque
975 1207 1013 1229 ut
1031 1197 1135 1235 aiunt,
1157 1208 1196 1230 ex
1213 1196 1368 1232 cathedra
1379 1198 1564 1243 loquentes,
1583 1204 1707 1238 errori-

88 1239 151 1276 bus
171 1240 340 1277 obnoxios
359 1240 420 1275 effe
441 1238 552 1286 posse:
581 1252 657 1274 nam
677 1241 711 1272 in
731 1242 895 1286 exemplis
915 1243 1103 1287 propositis
1122 1256 1260 1278 cernere
1285 1245 1332 1279 est
1351 1258 1410 1280 eos
1430 1247 1600 1284 consultos
1627 1253 1704 1285 uni-

87 1289 213 1326 versam
231 1290 399 1326 ecclesiam
418 1289 578 1325 docentes
595 1289 718 1324 litteris
737 1300 769 1324 et
792 1289 924 1338 scriptis
942 1291 1088 1338 publicis
1105 1292 1221 1327 animo
1240 1291 1425 1330 definiendi
1442 1296 1562 1332 emiffis
1579 1311 1598 1332 a
1614 1301 1704 1336 veri-

90 1335 153 1377 tate
171 1352 204 1376 et
221 1339 288 1376 fide
315 1338 466 1376 deviasse.

236 1405 397 1451 Denique
418 1403 560 1452 Joannis
579 1404 685 1439 xxn.
700 1402 893 1449 exemplum
912 1403 945 1437 in
967 1403 1120 1440 medium
1144 1405 1256 1451 potest
1278 1405 1418 1448 adduci,
1446 1410 1506 1453 qui
1534 1408 1704 1456 pontifex,

90 1466 164 1493 tum
181 1453 492 1502 praedicationibus
507 1452 654 1498 publicis
666 1478 674 1491 ‚
701 1464 775 1486 tum
795 1454 896 1487 eriam
914 1453 1037 1488 litteris
1056 1466 1087 1489 et
1109 1453 1243 1501 scriptis
1258 1468 1292 1491 et
1308 1456 1536 1501 legationibus
1565 1472 1704 1496 conatus

89 1504 134 1541 est
161 1504 260 1541 suum
287 1506 329 1540 de
356 1503 469 1539 medio
489 1502 679 1536 animarum
699 1499 774 1545 post
798 1513 945 1536 mortem
965 1501 1048 1538 statu
1073 1517 1231 1540 errorem
1257 1507 1293 1540 in
1318 1505 1484 1543 ecclesiam
1509 1510 1704 1546 universam

89 1555 253 1591 inducere
272 1567 303 1589 et
321 1553 530 1589 contrarium
549 1549 728 1585 sentiemes
743 1562 761 1584 a
786 1548 843 1584 sua
858 1552 1022 1595 opinione
1039 1553 1225 1590 dimovere.
1285 1558 1370 1591 Rem
1395 1556 1438 1591 fic
1464 1570 1578 1593 narrat
1596 1563 1704 1595 conti-

89 1615 212 1645 nuator
228 1605 361 1650 Nangii
382 1601 425 1636 ad
440 1612 567 1636 annum
589 1611 693 1644 1333.
744 1600 816 1634 Hoc
831 1612 916 1634 anno
939 1612 1041 1645 ¹333-
1069 1615 1139 1638 cum
1154 1604 1368 1649 praedicatio
1392 1620 1458 1654 qua
1476 1607 1587 1643 diflm
1604 1609 1707 1644 dmi.

90 1666 152 1690 nus
172 1655 320 1696 Joannes
339 1664 430 1700 papa
447 1677 456 1691 ,
482 1653 520 1686 in
542 1662 606 1698 qua
627 1649 772 1696 publice,
790 1657 830 1683 ut
842 1648 1037 1694 ferebatur,
1054 1651 1209 1692 dixerat,
1227 1655 1314 1701 quod
1323 1658 1454 1690 animae
1471 1656 1703 1694 decedentium

91 1706 130 1739 in
144 1706 268 1752 gratia
286 1715 351 1738 non
369 1701 488 1736 vident
505 1699 614 1736 Deum
624 1711 690 1745 per
708 1699 878 1745 effentiarn
889 1723 898 1739 ,
926 1710 984 1733 nec
994 1702 1076 1743 sunt
1091 1704 1246 1747 perfeHe
1263 1704 1381 1738 beatae
1397 1706 1497 1753 usque
1510 1707 1579 1752 post
1595 1709 1703 1753 resur.

90 1754 268 1788 rec't’ionem
286 1763 456 1798 corporum
474 1748 588 1796 (quod
610 1748 735 1784 diflum
754 1749 871 1783 multos
880 1749 1183 1793 scandalizaverat
1191 1752 1210 1795 )
1238 1752 1414 1789 tacebatur
1433 1754 1565 1800 publice
1588 1766 1703 1793 tamen

89 1802 183 1850 apud
205 1803 433 1840 Avenionem,
460 1797 521 1834 ubi
530 1810 624 1846 papa
643 1808 721 1834 tunc
736 1796 917 1845 residebat,
945 1798 1032 1844 istud
1052 1799 1178 1834 diHum
1203 1813 1223 1835 a
1238 1801 1393 1847 pluribus
1419 1803 1462 1838 ab
1481 1804 1648 1852 aliquibus
1670 1816 1704 1841 et

88 1854 233 1887 maxime
256 1864 276 1886 a
300 1849 492 1900 quibusdam
518 1847 748 1883 cardinalibus
774 1848 811 1882 ob
823 1851 979 1894 favorem
991 1873 998 1887 ‚
1051 1848 1093 1884 ab
1111 1852 1186 1884 aliis
1200 1861 1348 1897 propter
1365 1855 1515 1888 timorem
1527 1856 1705 1900 praediHi

89 1900 270 1949 pontificis.
318 1901 412 1936 Nam
429 1898 602 1946 quemdam
613 1901 769 1944 fratrem
787 1896 1070 1944 praedicatorem,
1100 1901 1160 1946 qui
1177 1910 1294 1934 contra
1313 1901 1401 1947 istud
1412 1902 1540 1938 diHum
1556 1904 1629 1949 five
1649 1917 1705 1940 er„

90 1963 201 1986 rorem
218 1950 312 1997 istum
328 1949 610 1996 praedicaverat,
637 1950 674 1982 in
690 1958 850 1982 carcerem
869 1949 960 1993 fecit
973 1951 1077 1993 poni:
1129 1950 1264 1992 Parisiis
1291 1961 1401 1985 autem
1426 1962 1466 1986 ut
1488 1964 1509 1986 a
1535 1955 1706 2001 magistri,-

89 2008 123 2036 et
139 2009 212 2035 tota
232 2000 420 2047 theologiae
432 1995 896 2044 facultateadprobaretur,
923 1996 1001 2043 miffi
1012 1998 1094 2040 sunt
1109 2009 1131 2031 a
1148 1999 1256 2033 latere
1273 1999 1372 2045 ipsius
1387 2013 1499 2047 papae
1514 2002 1579 2037 dur)
1598 2006 1704 2052 magi.

84 2049 153 2096 stri
172 2052 210 2084 in
226 2050 418 2096 theologia,
444 2044 575 2095 quifibi
589 2047 626 2080 in
643 2048 796 2091 opinione
808 2048 872 2089 sua
888 2045 1135 2088 consentiebant
1163 2073 1318 2083 .....
1347 2058 1387 2084 ut
1405 2051 1580 2098 magzstros
1607 2053 1702 2087 Pari-

88 2097 204 2144 fienses
221 2098 266 2133 ad
283 2100 471 2144 opinionem
482 2098 579 2140 suam
595 2095 821 2133 adducerent,
869 2094 930 2139 sed
952 2097 1001 2129 ita
1027 2095 1099 2130 Dei
1109 2100 1248 2178 fgratia
1275 2110 1340 2132 non
1363 2103 1520 2146 contigit,
1573 2105 1704 2136 Nam-at

95 2146 216 2182 deinde
233 2145 524 2192 quemadmodum
543 2145 624 2178 haec
642 2144 762 2189 opinio
782 2143 822 2177 ab
840 2143 904 2177 illis
919 2143 1094 2188 proposita
1128 2147 1214 2180 uerit
1232 2145 1394 2185 facultati,
1421 2160 1452 2181 et
1471 2151 1594 2194 repetit
1613 2150 1701 2192 dein,

95 2197 271 2239 quomodo
288 2208 403 2231 coram
420 2207 504 2239 rege
521 2206 539 2227 a
553 2192 674 2228 'decem
692 2192 858 2238 magistris
878 2191 983 2227 fuerit
1002 2193 1178 2236 damn-ata,-
1207 2195 1351 2240 denique
1374 2208 1507 2231 vocatos
1526 2199 1572 2231 ait
1585 2211 1602 2231 a
1620 2211 1701 2245 rege

94 2256 214 2280 omnes
231 2244 408 2292 magistros
423 2245 460 2280 in
471 2246 682 2282 Vincennas‚
706 2241 904 2288 mistamque
919 2241 961 2276 ab
982 2256 1021 2278 eo
1037 2242 1077 2278 ad
1094 2255 1220 2290 papam
1231 2244 1416 2292 epistolam,
1431 2257 1498 2293 qua
1510 2248 1706 2292 mandatur,

882 2306 969 2342 Nn
1617 2319 1656 2346 ut
