1982 2739
295 216 383 252 0274
583 210 658 246 m:
693 204 1263 252 ANTIQUAECCLE‘SIAE
1297 204 1629 243 mscH’LINA

261 301 299 337 sti
319 311 388 335 non
408 299 515 334 modo
534 297 741 334 constantior
754 298 894 334 caeteris
914 294 1090 341 apparuit,
1118 292 1173 328 sed
1203 306 1234 329 et
1257 293 1428 340 generosis
1449 294 1546 332 distis
1572 309 1603 332 et
1629 293 1730 332 faffis
1756 292 1881 332 fra‘tres

265 352 341 386 suos
361 347 591 384 confirmavit:
622 351 667 383 ita
687 351 777 384 hunc
800 349 911 382 locum
941 354 1119 390 exponunt
1152 344 1299 379 Tertull.
1327 343 1387 377 lib.
1413 344 1454 378 de
1479 345 1565 392 fuga
1586 348 1620 381 in
1637 345 1725 392 pers.
1745 358 1817 391 cap.
1842 358 1876 381 2.

264 404 295 436 S.
317 400 510 447 Cyprianus
526 397 630 445 Epist.
648 404 682 438 8.
701 409 732 433 et
751 400 784 433 in
805 398 861 434 lib.
891 396 932 430 de
956 405 1042 429 orat.
1095 393 1276 428 dominica.
1305 395 1334 427 S.
1357 392 1468 428 Hilar.
1485 394 1544 429 lib.
1574 408 1604 430 ι.
1631 397 1676 430 de
1701 396 1883 432 Trmitate.

264 450 403 486 Basilius
423 448 559 484 Homil.
598 461 653 484 22.
681 448 723 483 de
749 447 938 482 humilitate
961 457 968 477 z
1004 441 1160 478 Ambros.
1190 443 1224 476 in
1247 442 1364 476 Psalm.
1384 453 1442 486 43.
1471 443 1641 492 Chrysost.
1665 446 1798 481 Homil.
1825 449 1882 489 63.

265 500 378 540 Carth.
401 501 504 534 Cone.
524 499 558 533 in
577 500 639 544 Ep.
659 498 701 532 ad
720 501 838 533 Innoc.
865 499 878 530 Ι
902 520 910 533 ,
927 506 958 530 et
974 493 1193 528 Innocentius
1222 495 1246 526 Ι.
1273 493 1307 526 in
1329 494 1390 537 Ep.
1411 492 1453 527 ad
1478 493 1596 530 Carth.
1616 497 1721 529 Cone.
1747 496 1778 528 S.
1796 492 1884 539 Aug'.

264 549 423 598 pluribus
446 549 479 583 in
498 547 582 582 locis
600 560 632 582 et
655 548 712 582 alii
737 548 952 592 interpretes,
969 555 1056 587 quos
1073 554 1215 577 numero
1227 553 1284 585 43.
1297 540 1470 577 consulere
1485 544 1620 588 poteris
1635 543 1727 589 apud
1737 544 1887 578 Launoi.

262 613 322 635 um
351 597 456 653 Epist.
473 597 513 631 ad
531 597 696 645 jacobum
713 596 929 640 Bevilaquam
948 592 1041 638 Epist
1069 604 1151 626 tom.
1175 604 1204 633 5.
1232 594 1341 626 Porro
1361 604 1399 625 ex
1421 592 1482 626 hac
1502 591 1711 638 expositione
1730 592 1887 639 nihilpo·

261 647 321 685 test
340 647 453 693 colhgi
471 646 510 681 ad
533 646 753 693 probandum
772 643 943 692 pontificiS
959 642 1102 677 Romani
1121 640 1287 687 judicium
1305 640 1367 674 effe
1384 640 1594 676 indeficiens:
1631 642 1654 676 fi
1681 641 1767 687 quid
1792 643 1884 677 enim

263 713 303 734 ex
319 696 378 732 ista
395 698 552 731 oratione
573 694 707 730 Christo
725 708 791 742 pro
810 698 905 729 Petro
925 693 966 727 de
986 692 1055 737 ejus
1074 689 1317 725 successoribus
1334 690 1570 735 colligeretur,
1598 689 1721 727 inferri
1745 691 1884 726 deberet

262 760 330 795 pro
348 748 437 782 Petri
455 744 691 780 successoribus
704 769 711 781 ‚
739 756 807 778 non
830 743 919 777 secus
938 753 973 775 ac
991 752 1058 785 pro
1078 738 1151 785 ipso
1171 742 1269 774 Petro
1290 738 1395 774 orasse
1415 739 1611 781 Christum,
1649 753 1685 776 ut
1700 752 1725 775 a*
1740 740 1806 774 fide
1823 739 1886 786 ipfi

262 796 587 883 {rizatimstlninime
605 792 804 834 deficerent,
832 804 863 826 at
891 789 1006 825 nullus
1032 789 1099 823 huc
1127 787 1231 832 usque
1255 788 1437 823 somniavit
1463 789 1499 824 id
1524 789 1604 836 ipsis
1629 791 1805 836 privilegii
1830 789 1886 824 ad·

279 859 325 882 cri
355 859 364 881 1
389 857 437 892 po
468 857 494 879 e.

411 896 495 928 Sunt
514 900 548 925 et
569 889 627 924 alii
644 899 756 935 patres
775 898 812 921 ac
827 887 1039 931 interpretes,
1052 897 1141 929 quos
1161 884 1253 930 apud
1281 885 1441 919 eumdem
1461 887 1655 921 Launoiurn
1674 887 1799 921 ibidem
1818 887 1886 922 col-

262 943 367 980 lefiios
385 942 546 988 reperies,
566 940 626 984 qui
647 939 759 972 dicant
775 935 878 971 orasse
896 934 1081 972 Christum,
1093 945 1130 969 ut
1148 932 1350 969 universalis
1370 932 1517 974 ecclesia,
1544 935 1596 970 vel
1611 936 1711 970 etiarn
1727 936 1884 981 generale

262 993 447 1028 concilium
467 1003 485 1025 a
502 987 569 1024 fide
588 998 764 1032 nunquam
782 984 929 1025 deficiat,
962 995 1113 1029 quorum
1135 985 1386 1030 interpretatio,
1416 983 1496 1019 licet
1513 985 1626 1022 minus
1652 985 1695 1020 ad
1715 985 1880 1024 litteram.

260 1056 300 1078 eo
318 1041 426 1087 magis
447 1039 557 1074 adhuc
579 1049 656 1073 cum
676 1034 949 1071 adversariorum
967 1033 1102 1081 placitis
1119 1045 1267 1079 pugnat,
1291 1045 1372 1068 cum
1389 1044 1427 1068 ex
1444 1033 1499 1068 illa
1518 1033 1679 1079 sequatur
1696 1032 1882 1070 infallibili-

261 1104 359 1128 tatem
384 1088 535 1125 ecclesiae
550 1099 586 1122 et
605 1086 749 1123 concilio
771 1083 915 1120 adscribi
935 1083 1078 1121 debere,
1104 1096 1176 1118 ¹non
1202 1095 1314 1118 autem
1339 1081 1499 1128 pontifici
1523 1086 1699 1125 Romano,
1742 1095 1780 1119 ut
1799 1084 1884 1128 quid

260 1144 351 1178 enim
373 1141 468 1176 locus
484 1137 553 1178 ille,
569 1138 630 1183 qui
649 1137 690 1170 de
708 1138 806 1170 Petro
822 1135 865 1169 ad
883 1133 1030 1169 litteram
1051 1132 1293 1180 intelligendus
1314 1131 1374 1173 est,
1393 1132 1434 1167 ad
1453 1133 1622 1169 ecclesiam
1645 1145 1678 1168 et
1701 1134 1884 1169 concilium

259 1189 508 1230 inflefflzeretur,
537 1186 598 1222 nisi
618 1198 750 1222 certum
769 1183 846 1219 esset
867 1186 1009 1219 Petrum
1034 1193 1068 1218 et
1092 1183 1164 1231 ejus
1188 1180 1389 1218 successores
1411 1181 1559 1229 potuisse
1581 1196 1599 1219 a
1624 1181 1690 1218 fide
1720 1181 1881 1225 deficere,

263 1239 430 1278 ecclesiam
446 1249 478 1273 et
492 1236 680 1272 concilium
703 1247 772 1269 non
790 1236 884 1268 item,

409 1300 566 1337 Secundo
584 1299 661 1334 loco
679 1295 860 1343 profertur
879 1295 919 1330 ab
936 1295 989 1335 iis,
1009 1292 1358 1339 quiinfiallibilitatem
1376 1290 1563 1328 defendunt
1580 1292 1666 1328 illud
1682 1294 1808 1329 Matth.
1825 1305 1837 1327 t
1849 1296 1880 1331 6.

262 1355 374 1401 Super
390 1353 474 1387 lianc
488 1358 620 1397 petram
637 1344 816 1386 aedificabo
834 1343 991 1391 ecclefiam
1008 1355 1129 1380 meam,
1157 1351 1191 1378 et
1207 1351 1328 1388 portae
1345 1345 1461 1387 inferi
1476 1354 1542 1376 non
1554 1342 1803 1388 praevalebunt
1823 1343 1881 1378 ad-

260 1406 373 1447 versus
403 1412 481 1435 eam.
535 1396 640 1433 Unde
664 1395 835 1440 colligunt
858 1397 998 1428 Petrum
1024 1404 1055 1426 et
1080 1391 1151 1438 ejus
1180 1389 1376 1426 successores
1402 1389 1463 1425 esse
1490 1390 1642 1426 ecclesiae
1675 1388 1879 1427 fundamen-

261 1463 352 1486 xum:
381 1462 458 1485 cum
474 1458 589 1482 autem
607 1444 813 1492 impoffibile
834 1441 872 1478 sit
890 1441 1041 1476 ecciesiae
1057 1439 1321 1475 fundamentum
1338 1452 1456 1482 ruere,
1484 1439 1689 1487 impossibile
1709 1439 1772 1477 esse
1799 1453 1879 1478 con-

259 1500 402 1537 cludunt
418 1502 611 1534 Romanum
636 1492 838 1541 pontificem
855 1504 874 1526 a
890 1490 959 1525 fide
979 1489 1132 1525 deficere.

408 1565 540 1596 Verum
556 1560 607 1594 uti
625 1558 785 1594 diximus,
800 1566 900 1590 antea
916 1553 1012 1588 locus
1027 1552 1082 1587 ille
1106 1562 1256 1597 quatuor
1284 1551 1398 1587 modis
1421 1553 1604 1598 exponitur
1629 1566 1648 1588 a
1671 1553 1825 1599 patribus
1851 1564 1883 1590 et

259 1611 504 1659 interpretibus
523 1607 728 1653 scripturae3
755 1605 810 1639 alii
827 1605 921 1639 enim
937 1603 978 1637 de
995 1600 1139 1649 persona
1153 1601 1257 1647 ipsius
1278 1603 1366 1636 Petri
1384 1602 1465 1637 haec
1483 1602 1584 1637 verba
1597 1602 1882 1649 interpretantur.

260 1667 445 1706 dicuntque
464 1660 566 1705 super
588 1657 685 1693 illum
714 1653 893 1690 fundatam
922 1652 1111 1692 ecclesiam,
1139 1652 1220 1696 quia
1238 1650 1308 1696 ipse
1325 1663 1403 1686 cum
1421 1652 1559 1686 caeteris
1585 1651 1626 1686 ad
1646 1664 1718 1686 eam
1737 1649 1881 1687 fundan-

260 1715 338 1748 dam
363 1710 588 1749 adiaboravit,
617 1707 675 1741 alii
699 1705 816 1740 dicunt
848 1703 949 1748 super
974 1713 1093 1737 omnes
1119 1699 1290 1746 apostolos
1317 1698 1494 1736 fundatam
1512 1702 1643 1746 paritet·
1676 1699 1738 1736 esse
1777 1701 1879 1738 eccle-

258 1762 339 1797 fiam
352 1787 360 1802 ,
389 1763 599 1803 Petrumque
614 1768 695 1791 cum
711 1755 792 1790 haec
807 1754 838 1788 ei
864 1750 954 1787 dieta
975 1750 1052 1786 sunt
1067 1747 1201 1796 gestasse
1226 1748 1409 1796 personam
1438 1750 1603 1785 ecclesiae:
1632 1748 1719 1791 sunt,
1739 1751 1798 1796 qui
1820 1763 1891 1787 non

258 1812 334 1847 lunt
352 1814 490 1846 Petrum
508 1808 562 1843 hic
579 1817 714 1852 petram
732 1803 795 1839 esse
813 1800 963 1842 dietum,
991 1800 1046 1836 sed
1070 1812 1199 1846 petram
1223 1801 1322 1834 aiunt
1347 1797 1409 1834 esse
1435 1798 1538 1834 fidem
1570 1810 1602 1834 et
1634 1798 1878 1836 confessionem

259 1862 368 1901 Petri⁷
397 1860 467 1900 vel,
495 1869 532 1892 ut
554 1857 612 1891 alii
638 1854 777 1890 volunt,
804 1851 917 1899 ipsum
952 1848 1154 1886 Christum:
1181 1848 1273 1883 nulla
1297 1860 1410 1884 autem
1432 1862 1471 1884 ex
1505 1847 1575 1884 istis
1604 1848 1876 1895 expositionibus

258 1909 462 1957 pontificum
478 1905 710 1942 infallibilitati
724 1900 832 1938 favet:
861 1901 942 1936 ficut
960 1901 1063 1937 enim.
1082 1899 1141 1945 qui
1157 1898 1192 1933 in
1212 1896 1354 1933 secunda
1374 1898 1586 1944 expositione
1604 1896 1752 1934 sentiunt
1776 1897 1877 1946 super

257 1959 430 2006 apostolos
447 1968 564 1992 omnes
583 1965 770 1998 eorumque
789 1949 987 1987 successores
1005 1948 1180 1985 fundatam
1198 1944 1260 1981 esse
1284 1947 1452 1984 ecclesiam
1470 1973 1479 1986 ,
1515 1961 1586 1983 non
1610 1959 1792 1994 propterea
1814 1961 1877 1996 pu-

259 2021 331 2044 tant
347 2020 402 2043 aut
419 2005 588 2052 apostolos
607 2015 725 2039 omues
741 2013 798 2036 aut
815 2013 935 2036 eorum
957 1998 1156 2035 successores
1179 1995 1425 2032 indefefflbiles
1452 1997 1568 2040 fuisse,
1603 1998 1650 2032 ita
1675 2010 1744 2034 non
1768 1997 1878 2044 sequi·

259 2071 317 2094 tur
337 2071 373 2092 ex
393 2058 505 2103 prima
523 2053 732 2098 expositione
752 2054 886 2085 Petrum
906 2062 939 2084 et
956 2050 1026 2096 ejus
1052 2044 1247 2084 successores
1281 2045 1548 2089 indefestibiles,
1586 2059 1626 2082 eo
1653 2047 1748 2092 quod
1774 2045 1877 2094 supet·

261 2120 317 2143 eos
336 2117 508 2151 tamquam
526 2102 628 2148 super
646 2111 778 2147 petram
796 2111 828 2135 et
845 2098 1107 2134 fundamentum
1123 2094 1253 2132 ecclefin
1271 2095 1311 2131 sit
1326 2096 1506 2138 aedificata,
1535 2109 1575 2132 ex
1594 2098 1691 2132 tertia
1712 2107 1745 2131 et
1755 2107 1877 2142 quam

260 2157 473 2204 expositione
495 2154 529 2187 in
548 2153 688 2196 gratiam
715 2153 951 2184 Romanorum
969 2146 1172 2195 pontificum
1191 2145 1274 2179 nihil
1293 2146 1449 2181 concludi
1466 2144 1560 2192 posse
1575 2141 1874 2192 perspicuum'est.

407 2203 532 2239 Tertio
555 2201 631 2236 loco
652 2200 877 2234 Reum-minus
906 2199 1023 2246 objicit
1039 2222 1049 2236 .
1084 2195 1168 2231 illud
1195 2193 1321 2230 Christi
1347 2193 1478 2230 dietum
1503 2196 1546 2231 ad
1571 2197 1706 2230 Petrum
1731 2196 1876 2242 Jonnnit

259 2256 319 2293 ult.
349 2256 448 2302 Pasce
474 2263 547 2288 oves
573 2262 676 2291 meas,
713 2261 814 2295 atque
843 2261 882 2284 ex
901 2261 941 2286 eo
966 2246 1010 2284 fic
1032 2245 1252 2284 ratiocinatur
1267 2268 1278 2284 .
1318 2246 1480 2293 pontifex
1506 2244 1549 2291 eli
1573 2243 1687 2281 doHor
1705 2253 1739 2280 et
1758 2244 1874 2293 pqflqr:

1716 2295 1822 2328 totius
