2022 2733
292 197 790 250 mssnnTA'moNEs
829 198 1512 239 HlsTORICAE.D1sssxr.v11.
1581 243 1585 248 ,
1621 210 1690 252 ³⁸⁷

210 291 255 323 At
274 290 427 334 primum
457 287 478 322 fi
508 287 590 333 qnid
616 286 780 332 probaret
800 287 886 323 istud
905 299 1165 334 argumentum,
1194 290 1374 335 probaret,
1403 305 1472 328 non
1490 304 1620 329 tantum
1639 305 1735 342 regen

112 352 131 374 ι
159 337 298 373 summis
326 337 546 385 pontificibus
576 337 701 383 deponi
726 335 839 384 posse,
867 336 924 374 sed
943 349 974 373 et
991 350 1110 374 eorum
1126 338 1213 387 jussu
1230 340 1393 383 interfici,
1422 343 1517 388 quod
1535 343 1644 379 dicere
1663 357 1733 383 nott

109 387 238 423 nudent
256 386 315 434 ipsi
341 387 534 423 adversarii.
1006 414 1010 417 -

209 438 362 472 Secundo
382 438 482 484 longe
498 435 613 482 dispar
629 437 715 471 ratio
734 435 778 471 est
789 436 942 472 Athaliae
961 447 992 472 et
1014 438 1106 484 regis
1128 437 1286 484 legitimi,
1314 440 1445 486 quippe
1462 441 1519 477 illa
1537 455 1600 489 per
1616 454 1733 491 tyran·

114 486 230 521 nidem
251 488 438 532 imperium
468 485 631 521 invaserat
648 485 726 531 post
745 498 892 521 mortem
911 487 1103 525 Ochoziae,
1131 488 1244 523 occisis
1265 488 1335 536 ejus
1355 488 1444 529 filiis,
1463 504 1481 525 e
1500 493 1624 536 quibus
1644 506 1731 529 unus

108 535 274 582 superstes
297 535 437 570 {elegius
458 536 523 570 fuit
542 538 642 582 Joas‚
668 534 710 568 ad
728 547 830 577 quem
851 547 962 569 morte
980 537 1086 580 patris
1107 547 1138 570 et
1161 535 1312 572 fratrum
1333 539 1373 572 de
1397 539 1476 586 jure
1494 552 1637 585 regnum
1656 542 1732 588 jure

108 584 318 620 successionis
335 585 531 619 devolutum
555 595 642 617 erat:
670 583 783 625 itaque
799 583 932 617 Athalia
951 595 1019 617 non
1040 595 1110 617 erat
1129 584 1280 628 legitima
1299 588 1425 631 regina,
1454 587 1510 623 sed
1529 589 1736 636 usurpatrix.

108 646 210 679 quam
229 634 377 680 proinde
392 644 551 678 proceres
572 632 667 676 regni
685 631 817 678 Judaici
835 643 993 677 poterant
1011 644 1080 666 non
1100 631 1208 667 solum
1231 633 1393 678 spoliare,
1422 636 1477 671 sed
1498 649 1530 673 et
1556 640 1732 676 occidere:

107 695 170 718 nec
190 683 252 719 est,
281 682 375 727 quod
393 683 480 716 dicat
504 681 745 720 Bellarminus,
772 680 841 727 ejus
866 693 1012 726 regnum
1035 681 1136 716 initio
1167 684 1384 729 tyrannicum
1403 684 1519 731 postea
1536 685 1634 723 fuisse
1653 689 1734 736 legi.

107 734 249 770 timum,
278 743 309 766 et
333 744 351 765 a
385 730 519 777 populo
544 730 789 776 approbatum,
817 727 909 776 posse
935 741 1047 766 autem
1073 733 1252 778 tyrannica
1272 733 1420 779 imperia
1439 747 1471 770 et
1487 737 1637 772 violenta
1656 751 1733 774 con-

107 780 268 817 sentiente
290 781 424 828 populo
450 779 525 815 fieri
548 779 718 824 legitima:
748 792 817 814 non
843 777 905 819 est,
932 781 1092 823 inquam,
1120 781 1212 825 quod
1231 781 1293 816 hac
1314 794 1427 819 utatur
1447 788 1643 833 exceptione
1660 790 1733 826 Bel-

106 830 291 870 larminus,
322 842 398 864 nam
416 829 549 864 Athalia
569 841 635 863 non
655 829 769 874 potuit
788 828 842 874 jus
858 829 991 874 regium
1011 829 1134 864 habere
1147 854 1155 869 ,
1185 831 1350 874 quamdiu
1365 832 1538 879 legitimus
1560 839 1661 883 regni
1678 837 1734 874 su-

86 878 88 880 ’
106 880 232 927 perstes
254 891 343 920 erat,
370 878 572 924 praesertim
591 889 670 912 cum
691 875 853 912 sexennio
871 888 1001 912 tantum
1021 891 1130 923 regno
1150 880 1261 925 potita
1288 877 1413 924 fuerit3
1440 896 1517 919 narn
1538 884 1615 928 esto,
1637 889 1732 932 quod

106 930 255 974 imperia
281 930 476 968 tvrannica‚
506 925 733 962 consentiente
761 927 914 972 popuIO,
941 926 1022 961 fiant
1047 927 1130 974 justa
1155 940 1185 963 et
1212 929 1383 974 legitima,
1412 932 1454 967 ad
1471 933 1537 969 hoc
1554 946 1665 971 tamen
1682 938 1733 973 ξε·

105 979 273 1023 quiritur,
295 972 439 1023 primo,
468 987 505 1011 ut
523 975 659 1020 aliquo,
686 974 710 1010 fi
740 988 809 1010 non
835 976 902 1011 alio
929 974 1041 1011 saltem
1066 984 1245 1012 armorum
1272 978 1348 1025 jure
1365 982 1442 1025 quis
1463 983 1653 1029 imperium
1673 987 1732 1022 ob.

107 1026 222 1062 tineat.
276 1027 449 1063 Secundo,
477 1023 515 1060 ut
542 1025 589 1059 sat
614 1025 818 1060 diuturnum
843 1036 979 1070 tempus
996 1024 1204 1071 poiseffionis
1225 1028 1410 1065 interfluat.
1463 1034 1605 1073 Tertio,
1633 1047 1669 1070 ut
1686 1036 1730 1071 le·

105 1078 247 1123 gitimus
272 1076 390 1111 haeres
417 1075 473 1109 vel
494 1074 699 1115 consentiat,
727 1074 780 1108 vel
807 1087 880 1109 rem
907 1074 1108 1122 habeatpro
1127 1075 1296 1112 derelista.
1350 1081 1500 1122 Quarto,
1528 1094 1565 1117 ut
1589 1084 1730 1120 consen.

104 1125 160 1161 sus
187 1126 313 1172 populi
340 1124 376 1158 {it
408 1125 514 1165 liber3
543 1136 575 1158 at
601 1125 686 1158 nihil
715 1124 840 1158 horum
867 1123 913 1159 ibi
941 1126 1107 1166 occurrit,
1135 1128 1252 1171 primo
1281 1128 1371 1162 enim
1389 1130 1523 1166 Athalia
1540 1133 1634 1167 nullo
1649 1134 1729 1181 jure

103 1174 204 1214 belli,
233 1173 299 1208 five
316 1174 382 1208 alio
402 1174 476 1220 jure
493 1186 637 1218 regnum
654 1172 714 1207 fibi
730 1173 915 1208 vindicavit
928 1199 935 1212 ,
963 1171 1019 1208 sed
1041 1174 1233 1221 turpiffimo
1251 1177 1381 1222 impetu
1403 1190 1433 1214 et
1448 1182 1650 1226 proditione
1668 1197 1730 1231 op-

103 1223 221 1272 pressis
239 1223 420 1269 nepotibus
438 1224 638 1268 potestatem
657 1223 785 1268 regiam
803 1221 987 1268 usurpavit.
1043 1226 1196 1260 Secundo
1209 1251 1216 1265 ,
1246 1226 1341 1260 brevi
1366 1228 1553 1266 admodum
1574 1243 1729 1280 tempore

104 1274 238 1315 Athana
264 1285 371 1318 regno
399 1273 510 1318 potita
533 1276 611 1306 erat.
663 1272 803 1312 Tertio,
829 1271 1005 1316 legitimus
1031 1272 1144 1308 haeres
1165 1274 1277 1309 adhuc
1306 1275 1342 1308 in
1361 1278 1447 1312 vivis
1464 1290 1545 1317 erat,
1572 1294 1631 1316 nec
1647 1295 1730 1318 eon-

103 1322 258 1359 senserat,
271 1333 329 1355 aut
337 1320 525 1355 consentire
536 1331 705 1365 potuerat.
736 1322 881 1363 Quarto,
894 1321 1047 1365 populus
1062 1334 1128 1356 non
1141 1322 1350 1358 consenserat
1361 1337 1469 1370 regno
1481 1329 1644 1372 Athaliae,
1667 1332 1727 1368 nifi

104 1364 395 1418 quemadmodum
422 1369 545 1417 populi
568 1368 693 1418 jugum
713 1381 957 1418 tyrannorum,
997 1370 1092 1414 quod
1111 1371 1245 1406 amoliri
1265 1384 1334 1407 non
1355 1373 1513 1421 possunt,
1541 1379 1726 1425 aliquando

99 1423 289 1469 patiuntur,
301 1433 338 1456 ut
347 1419 735 1470 SyracusaniDionylios
755 1431 784 1454 et
802 1417 1022 1454 Athenienses
1049 1419 1265 1468 Pyfistratum
1285 1422 1486 1469 aliquandiu
1505 1425 1599 1464 ferre
1617 1431 1726 1468 coaffi

97 1471 188 1508 sunt.
216 1471 321 1506 Unde
335 1470 469 1506 Athalia
479 1481 625 1510 mortua,
650 1472 793 1517 populus
805 1472 919 1510 omnis,
938 1478 1103 1519 tamquam
1116 1480 1262 1518 tyranno
1270 1471 1415 1517 sublato.
1442 1476 1588 1513 laetatus
1600 1481 1651 1526 est,
1680 1482 1729 1516 in.

102 1522 178 1567 quit
203 1520 372 1567 scriptura
399 1533 428 1554 2.
461 1518 707 1563 Paralipomen.
731 1531 758 1553 c.
794 1531 849 1563 23.
877 1531 908 1554 et
935 1531 970 1561 4.
999 1532 1070 1565 reg.
1104 1533 1156 1555 11.
1177 1524 1280 1557 omnis
1293 1525 1439 1570 populus
1459 1533 1579 1562 terrae
1596 1539 1628 1564 et
1646 1530 1728 1567 urbs

101 1573 246 1619 quievit.
298 1565 390 1614 Ergo
412 1567 544 1603 nonnifi
564 1567 692 1602 invitus
710 1567 927 1613 tyrannidem
952 1568 1085 1612 aliquot
1109 1571 1204 1606 annis
1226 1570 1336 1617 passus
1356 1571 1482 1615 fuerat,
1520 1588 1590 1613 non
1614 1590 1727 1616 autem

101 1619 248 1666 proprie
272 1617 501 1654 consenserat:
528 1616 613 1652 adde
640 1615 732 1661 quod
757 1615 981 1651 Bellarminus
1008 1617 1084 1662 ipse
1097 1616 1245 1658 fatetur,
1271 1620 1474 1659 consensum
1492 1625 1583 1662 hunc
1600 1630 1729 1676 populi

101 1666 302 1716 profestum
325 1666 385 1702 esse
403 1679 445 1703 ex
462 1679 514 1704 eo,
540 1665 629 1715 quod
644 1669 868 1714 ignoraretur
875 1666 1046 1712 supereffe
1064 1667 1172 1704 adhuc
1188 1681 1288 1705 unum
1307 1681 1324 1705 e
1333 1670 1421 1713 filiis
1437 1672 1604 1720 defunfii.
1668 1681 1728 1715 Er·

103 1731 149 1764 go
167 1717 276 1752 statim
295 1728 396 1762 atque
412 1729 448 1751 ea
466 1716 506 1750 de
521 1727 558 1750 re
576 1714 740 1755 constitit,
767 1714 835 1762 jam
853 1713 980 1760 pop'uli
1001 1715 1164 1752 consensu
1183 1729 1252 1752 non
1269 1729 1405 1764 poterat
1425 1723 1563 1760 Athalia
1579 1739 1596 1760 a
1613 1738 1727 1775 tyran·

103 1767 182 1802 nide
209 1765 372 1809 excusari3
400 1766 513 1810 itaque
538 1777 576 1799 ex
601 1777 661 1806 eo,
689 1764 784 1810 quod
808 1763 945 1812 Joiadas
975 1764 1147 1801 Athaliam
1174 1765 1421 1814 usurpatricem
1443 1773 1558 1809 occidi
1581 1775 1714 1823 jusserit

101 1829 171 1853 non
191 1815 360 1861 sequitur,
387 1815 476 1850 idem
492 1813 592 1849 licere
609 1814 644 1849 in
664 1826 759 1860 reges
775 1813 956 1860 legitimos.
1507 1817 1509 1819 '

203 1867 329 1900 Tertio
350 1864 483 1900 Athalia
501 1863 578 1898 licet
594 1863 821 1899 idololatriam
840 1862 980 1903 foverit,
1009 1875 1077 1899 non
1097 1875 1207 1899 tamen
1224 1877 1369 1914 >propter
1386 1867 1454 1904 hoc
1473 1871 1598 1907 crimen
1620 1875 1729 1912 occisa

102 1914 149 1951 est
164 1927 182 1949 a
199 1914 320 1962 Joiada
338 1926 368 1950 et
386 1915 439 1954 iis,
467 1915 527 1957 qui
547 1924 623 1947 cum
641 1925 682 1948 eo
702 1925 805 1953 erant,
836 1912 891 1947 sed
909 1924 1054 1958 propter
1072 1913 1174 1949 solam
1194 1914 1451 1963 usurpationem
1472 1923 1582 1967 regni,
1612 1935 1650 1959 ut
1670 1924 1729 1961 sci-

99 1965 179 2001 licet
195 1966 278 2012 Joae
293 1963 450 2009 legitimo
470 1961 605 1997 haeredi
623 1975 766 2008 regnum
786 1962 1035 1997 restitueretur:
1064 1975 1275 2011 quapropter
1294 1967 1372 2003 inde
1392 1980 1465 2003 non
1484 1969 1635 2016 sequitur
1647 1998 1657 2011 .
1675 1987 1728 2010 re-

99 2027 159 2062 ges
177 2025 283 2060 regno
308 2012 352 2048 ob
377 2010 538 2048 haerefim
555 2011 607 2046 vel
626 2024 800 2057 peccatum
815 2012 943 2058 privari
958 2010 1073 2058 posse,
1100 2013 1155 2048 sed
1174 2025 1304 2051 tantum
1322 2016 1521 2055 manifestos
1540 2020 1727 2070 usurpato-

99 2076 155 2100 res
172 2063 267 2109 regni
286 2060 378 2108 poll'e
395 2060 685 2097 consentientibus
707 2060 928 2108 optimatibus
944 2074 962 2096 a
979 2062 1117 2111 populo
1144 2062 1230 2099 solio
1253 2064 1436 2102 deturbari.

100 2113 104 2119 '
203 2115 357 2155 Quarto,
386 2123 456 2146 non
474 2109 557 2146 feeit
571 2110 607 2146 id
626 2109 718 2146 solus
738 2111 876 2160 Joiada,
904 2122 973 2145 non
990 2110 1069 2146 fecit
1085 2114 1264 2149 autoritate
1280 2114 1355 2154 sua,
1383 2129 1453 2152 non
1471 2116 1557 2154 fecit
1574 2119 1609 2155 id
1628 2121 1718 2166 quafi

103 2161 255 2196 sumi-nus
278 2160 449 2201 sacerdos,
478 2158 534 2194 sed
557 2172 598 2196 ,ut
620 2173 657 2194 ex
682 2160 904 2207 optimatibus
923 2161 1020 2205 regni
1037 2161 1170 2208 Judaici
1186 2165 1415 2211 praecipuus,
1443 2178 1483 2202 ut
1501 2170 1591 2214 regis
1610 2180 1718 2214 tutor,

103 2221 141 2245 nc
167 2209 346 2252 defensor,
375 2209 435 2245 ubi
451 2210 540 2244 enim
559 2220 800 2255 opportunum
818 2210 903 2245 vidit
922 2207 985 2244 effe
1004 2221 1138 2256 tempus
1154 2211 1350 2249 restituendi
1367 2217 1458 2262 Joae,
1489 2219 1715 2263 centuriones,

100 2258 237 2304 levitas,
274 2269 306 2298 et
331 2258 416 2300 alios
432 2258 559 2300 consilii
573 2259 627 2296 -sui
645 2261 826 2311 participes
842 2258 932 2346 fecie.
984 2259 1148 2314 Inintque,
1173 2261 1285 2311 inquit
1300 2263 1487 2313 scriptura,
1519 2271 1622 2303 mmm
1636 2272 1718 2309 qma,

668 2314 670 2316 ’
696 2314 697 2317 ’
734 2312 736 2315 ’
900 2352 903 2354 ,
937 2319 979 2345 0⁶
1006 2319 1026 2345 2
1133 2316 1135 2320 ’
1158 2322 1159 2325 ’
1556 2318 1681 2358 titudo
