1992 2739
320 197 366 234 66
568 195 638 232 DE
670 193 952 236 ANTIQUA
986 193 1293 229 ECCLESIAE
1327 193 1663 230 DISCIPLINA

419 286 516 321 Haec
541 282 706 330 expositio
734 283 869 319 duobus
898 283 1022 317 nititur
1047 279 1290 320 fundamentis,

423 337 574 371 Primum
602 332 666 375 est,
704 333 975 369 Alexandrinum
1002 331 1192 378 praesulem
1218 334 1271 381 jus
1299 333 1528 368 ordinationis
1555 331 1794 379 episcoporum
1811 359 1821 375 ,
1857 341 1891 369 et

270 384 575 435 presbyterorum,
604 395 635 419 et
662 383 899 420 ministrorum
926 395 988 429 per
1016 384 1209 430 AEgyptum
1237 395 1267 418 et
1294 385 1508 430 Pentapolim
1531 382 1687 418 habuisse.

406 449 579 486 ¹Alterum
600 448 663 490 est,
692 448 786 484 illam
807 447 1097 493 quae-instituitur
1116 449 1201 483 inter
1220 452 1412 484 Romanum
1441 459 1472 482 et
1499 447 1770 482 Alexandrinum
1793 458 1890 492 prae·

269 499 394 540 sulem,
429 501 741 546 comparationem,
786 499 820 532 in
840 499 903 540 iis,
932 510 1015 543 quae
1041 498 1081 533 ad
1103 499 1353 533 ordinationem
1388 497 1649 544 episcoporum,
1674 497 1894 545 presbytero·

271 563 369 591 rum,
397 561 429 585 et
456 550 680 584 diaconorum
705 549 900 594 pertinent,
928 547 1067 582 institui.
1130 551 1226 583 Haec
1250 548 1318 583 duo
1345 549 1493 594 probare
1526 558 1669 583 conatur
1694 547 1893 588 Launoius,

271 602 424 648 primum
441 612 512 646 cap.
533 611 578 636 2.‚
604 598 748 633 alterum
771 610 841 644 cap.
860 611 894 641 4.
922 595 1164 632 dissertationis
1183 599 1268 633 suae.

421 649 510 684 Illud
531 649 637 693 igitur
653 647 778 694 probat
798 661 835 682 ex
851 646 1051 687 Athanasio,
1081 649 1140 692 qui
1160 650 1204 683 ait
1226 649 1260 681 in
1297 645 1460 693 opusculo
1489 646 1528 681 cle
1549 645 1709 682 sententia
1734 644 1892 694 Dionysii

267 699 504 738 Alexandrini,
533 699 574 733 ad
602 710 717 733 curam
751 698 821 744 ejus
852 698 1040 743 superioris
1061 698 1184 745 Libyae
1213 696 1360 731 ecclesias
1388 696 1606 743 pertinuisse5
1635 707 1668 731 et
1686 699 1891 741 Sozomeno,

269 751 330 796 qui
349 750 439 787 dicit,
465 748 639 784 Melttium
669 747 904 782 ordinationes
927 747 978 781 adr
996 746 1263 782 Alexandrinum
1291 747 1499 792 pertinentes
1526 746 1586 782 sibi
1617 743 1811 793 usurpasse,
1838 745 1893 781 cui

267 800 379 848 jungit
400 799 647 845 Epiphanium,
666 797 797 842 quiait,
825 796 940 843 ipsum
959 795 1216 844 Eleuteropoli‚
1246 795 1344 832 Basae
1361 795 1418 832 seu
1436 797 1553 843 potius
1581 796 1704 838 Gasae,
1733 807 1764 831 et
1782 795 1895 831 AEliae

272 848 454 896 episcopos
476 846 693 883 constituisse.
1709 882 1711 884 ,

416 897 551 933 Deinde
568 910 607 932 ex
627 898 744 933 eodem
766 896 825 932 lib.
856 903 886 936 8.
908 908 979 942 cap.
1002 909 1057 941 19.
1089 908 1166 931 cum
1193 894 1299 931 refert
1325 895 1586 931 Nilatnmonem
1613 894 1734 930 Pelusii
1761 895 1895 931 ordina-¹

269 959 340 984 tum
362 945 425 982 esse
446 946 645 993 episcopum
662 946 913 992 aTheophilo,
944 949 1096 981 Socrates
1122 958 1259 990 quoque
1283 945 1540 990 Hermopoleos
1568 945 1764 991 episcopum
1792 944 1894 980 Dios-

268 1010 407 1038 corum,
435 997 477 1031 ab
498 997 617 1031 eodem
637 997 833 1030 ordinatum
851 994 911 1028 esse
937 994 1050 1029 scribit
1075 994 1134 1030 lib.
1156 999 1185 1028 6.
1209 1007 1235 1028 c.
1256 1007 1288 1037 7.
1344 997 1518 1028 Praeterea
1548 993 1706 1042 Synesitts
1733 993 1822 1028 testis
1847 992 1895 1029 est

268 1045 372 1093 Epist.
399 1051 455 1090 67.
475 1057 506 1080 et
527 1058 605 1088 105.
633 1043 846 1090 Episcopum
864 1043 1132 1077 Alexandrinum
1154 1042 1377 1083 Palaebiscae,
1406 1042 1569 1083 Olbiam,
1597 1054 1627 1077 et
1648 1045 1799 1092 Cyrenae
1812 1045 1896 1078 Pen-

266 1095 420 1143 tapoleos
456 1094 599 1130 urbibus
637 1092 818 1140 episcopos
855 1090 1041 1133 ordinasse,
1090 1092 1337 1139 colligiturque
1372 1105 1411 1127 ex
1435 1091 1570 1127 Isidoro
1599 1091 1763 1129 Pelufiota
1780 1092 1840 1128 lib.
1861 1104 1894 1129 2.

218 1184 221 1186 ,
268 1145 374 1192 Epist.
405 1151 486 1186 128.
540 1143 710 1193 Cyrillum
728 1142 999 1178 Alexandrinum
1028 1141 1150 1177 Pelusii
1179 1142 1377 1188 episcopum
1396 1140 1571 1178 ordinasse.
1622 1143 1779 1188 Denique
1796 1142 1894 1178 Mos-

268 1197 353 1238 chus
377 1196 435 1231 εῖτ,
462 1206 589 1239 papam
616 1193 887 1227 Alexandrinum
916 1192 1155 1237 Heliopolim,
1182 1191 1445 1236 Leonmpolim,
1473 1202 1503 1225 et
1528 1190 1738 1240 Babylonem
1767 1191 1896 1239 episco-

271 1256 336 1291 pos
362 1241 491 1278 misisse.
996 1248 998 1250 ’
1547 1242 1550 1244 ’

423 1290 578 1326 Alterum
599 1300 683 1324 vero
699 1287 917 1334 expositionis
934 1287 1010 1323 suae
1035 1286 1316 1325 fundamentum,
1345 1300 1468 1334 nempe
1486 1291 1779 1335 comparationem
1803 1290 1894 1325 inter

272 1339 542 1377 Alexandrinum
563 1342 826 1383 Romanumque
845 1339 1071 1385 patriarcham
1092 1337 1203 1383 quoad
1220 1338 1272 1384 jus
1293 1337 1521 1372 ordinationis
1539 1338 1667 1372 institui
1681 1338 1807 1385 probat
1825 1350 1895 1374 tan-

270 1403 344 1426 tum
364 1391 536 1426 Leunoius
554 1402 589 1423 ex
609 1387 802 1435 hypothesi,
824 1400 925 1433 quam
945 1388 1083 1423 antehac
1099 1387 1239 1425 fecerat,
1267 1386 1441 1420 Melitium
1473 1387 1552 1421 huic
1577 1389 1699 1423 canoni
1726 1387 1893 1425 occasioni

270 1439 370 1478 fuisse
392 1439 437 1475 ob
458 1439 634 1474 ordinatos
660 1439 695 1472 in
723 1437 849 1486 Libya‘,
879 1440 1037 1486 AEgypto
1066 1449 1097 1471 et
1118 1434 1297 1480 Pentapoli
1323 1433 1512 1481 episcopos.
1565 1439 1697 1473 Verum
1723 1437 1759 1473 id
1785 1439 1892 1484 gratis

273 1491 419 1526 omnino
438 1488 663 1536 supponitur,
693 1500 751 1523 nec
771 1487 841 1523 ullo
860 1499 1063 1534 argumento
1082 1497 1138 1520 aut
1156 1484 1341 1529 probatum
1361 1482 1406 1518 est
1424 1498 1440 1519 a
1459 1487 1628 1528 Launoio,
1666 1499 1724 1523 aut
1747 1487 1893 1534 probari

270 1539 389 1586 potest.
445 1539 549 1585 Quod
571 1549 684 1573 autem
703 1538 818 1584 primo
837 1538 914 1573 loco
943 1536 1050 1571 asserit
1077 1534 1347 1569 Alexandrinum
1371 1533 1556 1580 praesulem
1582 1536 1637 1583 jus
1662 1537 1892 1574 ordinationis

271 1589 533 1636 episcoporum,
561 1587 844 1635 presbyterorum
861 1599 893 1622 et
919 1588 1141 1622 diaconorum
1168 1596 1233 1629 per
1255 1596 1374 1633 omnes
1401 1584 1546 1620 ecclesias
1570 1589 1735 1635 AEgypti,
1762 1587 1891 1636 Libyae

270 1651 301 1674 et
330 1639 552 1685 pentapoleos
584 1637 751 1678 habuisse,
794 1650 825 1672 et
851 1637 989 1682 quidem
1024 1634 1214 1680 refragante
1246 1633 1535 1678 metropolitano,
1574 1649 1706 1671 necnon
1739 1639 1891 1684 proprio

271 1689 450 1736 episcopo:
481 1689 519 1723 de
539 1687 748 1735 presbyteris
767 1700 798 1722 et
818 1687 965 1721 diaconis
987 1684 1110 1720 falsum
1129 1684 1273 1719 omnino
1294 1683 1447 1726 videtum
1477 1684 1519 1719 de
1536 1685 1706 1733 episcopis
1717 1699 1810 1728 vero,
1829 1688 1891 1732 qui

273 1739 350 1774 sunt
368 1751 457 1774 extra
477 1739 546 1785 ejus
563 1739 776 1785 provinciam
797 1749 871 1771 ante
896 1748 1024 1784 annun-1
1051 1747 1153 1778 400„
1175 1733 1270 1768 nullo
1297 1745 1502 1778 argumento
1527 1735 1752 1772 demonstrari
1768 1736 1889 1784 potest.

271 1791 365 1824 Nam
383 1789 455 1836 jura
475 1789 528 1823 illa
546 1786 700 1836 Dionysii
719 1787 938 1822 Alexandrini
956 1785 996 1820 ad
1024 1785 1256 1820 ordinationes
1281 1782 1399 1830 jusque
1424 1785 1720 1831 metropoliticum
1747 1788 1890 1823 minime

269 1839 499 1884 pertinebant:
531 1837 585 1873 sed
604 1849 733 1872 tantum
752 1837 792 1871 ad
811 1836 993 1881 quamdam
1006 1861 1014 1876 ,
1042 1847 1080 1870 ut
1098 1836 1142 1870 ita
1160 1834 1294 1878 loquar,
1322 1831 1694 1880 sttpet'inspeRionem,
1721 1847 1753 1870 et
1773 1836 1892 1882 super-

269 1888 515 1923 intendentiatn
540 1888 594 1923 seu
613 1888 775 1935 majorem
802 1884 1055 1926 attffloritatem,
1084 1898 1150 1933 qua
1174 1883 1322 1930 pollebat
1349 1882 1599 1920 Alexandrinus
1625 1884 1761 1920 antistes
1787 1885 1922 1936 super4

271 1937 452 1983 episcopos
482 1939 605 1984 Libyae
628 1949 658 1972 et
676 1937 921 1982 Pentapoleos,
950 1936 992 1971 ad
1019 1947 1106 1980 quos
1133 1946 1317 1981 propterea
1344 1931 1475 1978 legatos
1502 1933 1606 1976 mifit,
1641 1946 1677 1970 ut
1694 1947 1752 1970 eos
1777 1935 1818 1972 ab
1836 1948 1890 1973 er-

270 1999 350 2022 rore
367 1988 498 2022 Sabellii
516 1998 700 2022 revocaret.

420 2039 550 2070 Verum
579 2036 622 2070 est
660 2035 809 2079 quidem,
828 2034 1000 2070 Melitium
1031 2034 1208 2082 episcopos
1236 2042 1268 2066 et
1284 2031 1506 2079 presbyteros
1531 2045 1601 2068 non
1625 2034 1733 2070 modo
1758 2033 1794 2068 in
1817 2032 1889 2073 istis

269 2087 458 2132 provinciis
477 2085 659 2122 ordinasse,
687 2084 743 2118 sed
764 2086 864 2119 etiam
881 2086 915 2118 in
935 2085 1019 2126 aliis;
1058 2097 1135 2120 narn
1165 2082 1433 2127 Eleuteropolis‚
1462 2085 1554 2118 Gaza
1569 2108 1578 2120 ‚
1612 2096 1643 2119 et
1661 2084 1752 2129 AElia
1774 2084 1809 2118 in
1829 2087 1891 2120 Pa.

271 2136 407 2172 laestina
427 2135 521 2175 sunt,
550 2136 672 2169 nonin
697 2137 868 2181 AEgypto,
897 2135 1004 2182 Libya
1022 2147 1079 2170 aut
1098 2132 1291 2179 Pentapoli3
1320 2131 1444 2166 sed-ex
1474 2132 1575 2179 hujus
1604 2131 1694 2169 fatto
1727 2129 1889 2169 concludi

270 2198 340 2219 non
361 2186 471 2231 potest
488 2185 757 2221 Alexandrinum
775 2185 826 2230 jus
844 2185 1069 2219 ordinationis
1093 2183 1126 2217 in
1159 2183 1210 2218 his
1238 2183 1425 2227 provinciis
1454 2181 1604 2216 habuisse
1620 2209 1628 2222 ,
1657 2195 1718 2217 nec
1735 2182 1825 2216 ullus
1852 2182 1889 2218 id

270 2247 419 2282 utiquam
439 2236 531 2273 dixit.
585 2236 682 2272 Hinc
698 2234 810 2271 videre
830 2234 874 2270 est
892 2234 1065 2272 Melitium
1080 2232 1140 2270 sibi
1159 2228 1338 2269 vindicasse
1365 2244 1435 2270 non
1464 2230 1576 2270 solum
1593 2232 1830 2269 ordinationes
1844 2232 1888 2269 ad

1739 2280 1838 2324 Ale&
