2022 2733
299 185 811 237 -fflssssERTATtoNEs
844 203 1190 243 HistronicAE.
1254 207 1417 242 stsm.
1445 209 1507 243 111.
1595 220 1660 252 195

99 291 214 323 vere..
239 287 458 336 *Hujusmodi
474 301 583 336 porro
599 290 749 336 expulsio
766 288 889 326 dicitur
906 292 1231 331 excommunicatio,
1259 293 1354 340 cujus
1379 292 1474 340 ssepe
1498 293 1535 330 fit
1555 297 1587 330 in
1615 295 1712 334 sacris

93 337 222 373 'litteris
238 339 378 374 mentio.
433 340 474 374 Et
492 340 644 385 primum
665 340 805 385 quidem
828 340 982 376 Christus
1009 341 1175 377 Matthaei
1202 350 1276 384 18.,
1304 343 1369 379 hoc
1389 344 1454 379 telo
1471 345 1506 380 in
1522 346 1710 392 pertinaces

101 387 268 423 utendum
287 386 350 423 else
370 387 470 423 docet
487 402 493 422 :
521 389 560 424 Si
573 392 783 436 peccaverit,
809 390 943 434 inquit,
970 393 1006 425 in
1027 400 1060 426 te
1071 395 1195 438 frater
1213 401 1307 430 tuus,
1336 394 1422 429 vade
1439 405 1472 429 et
1490 399 1620 442 corripe
1637 408 1709 433 eum

97 439 193 473 inter
209 447 242 472 te
260 446 294 472 et
314 440 554 485 ipsumsolum,
571 440 603 486 si
623 448 730 474 autem
753 446 787 472 te
812 451 878 474 non
905 440 1059 474 audierit
1076 467 1084 481 ,
1120 441 1242 476 adhibe
1276 451 1380 478 tecum
1405 443 1511 479 adlmc
1536 457 1635 480 unum
1655 449 1708 481 vel

91 485 198 528 duos,
225 489 318 523 utin
335 499 390 522 ore
408 487 547 523 duorum
567 489 619 522 vel
637 491 742 523 trium
752 486 818 531 stet
840 499 930 522 omne
955 489 1108 528 verbum,
1144 491 1271 536 quodsi
1288 504 1353 526 non
1378 493 1528 528 audierit
1554 505 1622 533 eos,
1652 496 1708 530 die

97 536 267 582 ecclesiae:
321 537 343 574 li
362 546 472 571 autem
492 536 650 583 ecclefiam
679 548 742 571 non
760 536 932 581 audierit,
969 536 1015 580 stt
1046 537 1113 570 tibi
1132 538 1220 582 ficut
1256 541 1407 574 ethnicus
1433 550 1466 575 et
1495 543 1703 587 publicanus.

36 580 41 582 i
87 585 204 620 'Amen
223 585 294 621 dico
314 586 423 626 vobis,
450 596 666 634 quaecumque
684 586 916 632 alligaveritis
923 585 1030 631 super
1045 592 1192 626 terram,
1221 594 1278 621 etc.
1322 588 1459 631 Quibus
1477 589 1590 625 verbis
1610 592 1708 627 Chri-

96 631 165 669 stus
185 634 290 676 docet,
313 648 388 674 eos,
418 635 477 679 qui
492 634 682 679 inpeccatis
695 632 762 668 suis
780 634 967 681 pertinaces
983 632 1131 675 fuerint,
1160 636 1288 680 quique
1317 648 1377 672 nec
1401 638 1527 683 privati
1546 639 1704 687 alicujus,

96 695 157 718 nec
175 685 278 718 totius
302 682 449 718 ecclesiae
467 683 686 728 correptione
698 682 864 717 emendati
883 680 1023 722 fuerint,
1038 683 1061 718 >a
1079 686 1321 721 communione
1339 686 1465 722 alienos
1484 686 1546 722 effe
1573 689 1705 726 debere.

81 732 137 774 ild
155 733 246 768 enim
258 732 447 779 significant
462 732 543 767 haec
564 732 676 769 verba,
691 732 733 779 fit
752 732 912 778 tibificut
937 734 1085 768 ethnicus
1103 743 1137 768 et
1161 732 1369 780 publicanus.
1423 735 1556 772 Alludit
1577 740 1707 785 quippe

85 781 247 818 Christus
265 783 306 818 ad
323 781 601 818 consuetudinem
618 781 823 829 judaeorum
843 807 852 822 ‚
889 784 949 826 qui
967 782 1008 817 ab
1036 782 1251 820 ethnicorum
1278 796 1310 820 et
1333 785 1601 832 publicanorum
1626 801 1707 824 con-

82 830 202 867 'sortio
221 831 470 871 abhorrebant,
500 842 645 877 utpatet
661 830 723 867 ast.
749 843 802 866 10.
821 843 852 864 v.
875 838 950 872 235,
978 842 1010 866 et
1039 832 1151 868 Galat.
1178 845 1208 868 2.
1233 846 1265 868 v.
1299 846 1372 872 12.‚
1400 847 1461 870 nec
1487 848 1555 871 non
1583 850 1620 872 ex
1644 851 1704 879 eo,

81 881 188 926 *quod
207 880 381 917 Christum
400 881 609 927 redarguunt
624 880 752 928 judaei,
780 880 872 925 quod
889 889 969 916 cum*
985 882 1223 928 peccatoribus
1243 895 1274 918 et
1290 884 1482 930 publicanis
1503 885 1704 925 versaretur.

82 930 210 976 'ltaque
227 943 304 966 cum
321 932 377 972 ait,
397 944 493 967 eum,
522 932 580 975 qui
599 929 748 966 eccleliae
759 932 1013 975 eorreptionem
1032 933 1100 966 non
1118 933 1222 973 audit,
1243 933 1434 970 habendum
1462 933 1526 969 esse
1553 949 1617 982 pro
1634 938 1704 973 eth-

93 981 171 1020 nico
192 991 224 1014 et
241 980 438 1026 publicano,
458 979 544 1015 nihil
559 979 653 1014 aliud
664 979 722 1014 {ibi
742 979 815 1015 vult
832 979 1001 1020 Christus,
1031 993 1133 1024 quam
1153 995 1230 1017 eum
1261 982 1322 1017 esse
1339 996 1357 1018 a
1376 983 1547 1020 consortio
1564 998 1595 1020 et
1609 999 1704 1022 com·

86 1028 260 1064 >munione
282 1028 508 1074 separandum
525 1041 583 1063 nec
601 1024 795 1063 habendum
814 1028 963 1073 amplius
984 1029 1061 1063 loco
1079 1029 1205 1064 fratris.
1253 1032 1308 1066 Ad
1330 1032 1365 1066 id
1385 1046 1466 1068 vero
1486 1034 1592 1068 claves
1609 1036 1705 1070 eccle·

80 1076 155 1114 ''fiae
173 1091 191 1112 a
217 1077 353 1113 Christo
373 1078 464 1113 datas
482 1078 672 1123 pertinere,
687 1087 718 1110 et
738 1075 876 1110 istarum
903 1077 969 1112 hoc
992 1075 1054 1112 else
1077 1077 1246 1119 officium,
1274 1091 1312 1114 ut
1331 1092 1526 1127 correptos,
1548 1083 1570 1117 si
1591 1096 1705 1118 emen-

93 1127 175 1162 dare-
191 1126 224 1162 se
241 1127 352 1162 nolint
364 1153 371 1168 ‚
383 1139 401 1162 a
416 1127 658 1162 communione
674 1124 822 1160 eeclesiae
834 1126 1005 1171 expellant
1017 1148 1033 1166 -,
1063 1139 1100 1160 ex
1118 1126 1334 1172 sequentibus
1360 1130 1472 1166 verbis
1502 1132 1677 1178 colligitur
1695 1146 1702 1167 :

81 1174 218 1217 Ἀἰηεη,
246 1188 339 1212 amen
358 1177 429 1211 dico
449 1175 559 1216 vobis,
588 1186 804 1222 quaecumque
823 1176 1060 1222 allegaveritis
1071 1178 1174 1222 super
1191 1187 1338 1219 terram,
1369 1189 1469 1215 ertmt
1485 1182 1598 1229 ligata
1617 1191 1650 1217 et
1666 1185 1710 1217 in

91 1226 202 1261 caelis.
256 1227 376 1269 Itaque
393 1222 532 1269 apostoli
550 1222 697 1257 clavibus
716 1221 805 1255 hisce
823 1232 968 1259 utentes,
991 1235 1066 1263 ene,
1095 1225 1155 1267 qui
1181 1225 1233 1259 vel
1259 1226 1424 1270 flagitiose
1448 1230 1621 1271 viverent,
1648 1232 1703 1266 vel

83 1277 196 1321 ‘prava
213 1272 373 1309 sentirent
388 1273 428 1307 ab
449 1269 579 1306 ecclesia
597 1269 812 1316 expulerunt.
865 1269 1002 1305 Constat
1018 1283 1057 1305 ex
1076 1271 1266 1308 incestuoso
1290 1276 1490 1317 Corinthio,
1502 1290 1601 1321 quem
1622 1282 1705 1315 Pau.

90 1322 245 1370 lusjubet
255 1322 295 1358 ab
306 1320 456 1358 ecclesiae
467 1331 563 1356 coetu
573 1320 696 1358 arceri,
716 1318 915 1354 Corinthios
927 1321 1075 1366 graviter
1093 1321 1272 1368 increpans
1290 1347 1298 1363 ,
1313 1325 1404 1368 quod
1415 1325 1590 1360 hominem
1601 1327 1703 1374 hujus

92 1373 246 1409 criminis
266 1384 362 1408 reum
382 1370 689 1407 iiscommunione
717 1368 919 1410 tolerarent,
961 1371 1219 1416 generatimque
1248 1375 1454 1418 pronuntiat
1481 1387 1538 1410 eos
1565 1388 1704 1415 omnes,

76 1422 149 1472 'qui
167 1423 202 1458 in
221 1421 342 1458 fimilia
362 1420 486 1467 flagitia
503 1418 657 1467 'prolapsi
676 1418 821 1456 fuerint,
839 1419 1003 1454 arcendos
1025 1419 1087 1454 elle
1104 1419 1144 1455 ab
1163 1421 1312 1457 ecclefiae
1329 1424 1580 1461 communione.
1609 1426 1706 1461 Idem

78 1473 179 1508 'circa
198 1484 273 1514 eos,
292 1469 364 1517 ³qui
383 1470 483 1506 fidem
504 1468 629 1504 Christi
647 1479 703 1503 aut
724 1466 939 1514 disciplinam
956 1469 1107 1504 ecclesiae
1132 1471 1390 1517 pervertebant,
1426 1472 1623 1509 faciendum
1641 1474 1703 1510 effe

92 1521 191 1558 docet
210 1520 304 1569 epist.
328 1521 370 1556 ad
387 1517 534 1555 Thessal.
561 1530 591 1554 2.
619 1529 644 1552 c.
675 1528 703 1561 3.
727 1517 993 1560 Denuntiamus,
1020 1520 1154 1565 inquit,
1180 1521 1342 1563 vohis,ut
1353 1523 1567 1569 subtrahatis
1590 1536 1646 1560 vos
1662 1524 1703 1559 ab

91 1575 182 1608 omni
191 1575 315 1618 fratre
333 1568 560 1606 inambulante
580 1567 778 1602 inordinate
796 1575 829 1602 et
839 1578 903 1602 non
909 1569 1091 1613 secundum
1108 1571 1345 1614 traditionem,
1364 1585 1460 1620 quam
1478 1583 1705 1620 acceperunta

93 1619 189 1656 nobis
205 1635 215 1655 .·
241 1631 273 1654 et
288 1619 330 1654 ad
347 1620 477 1654 Timor.
497 1629 569 1663 cap.
594 1628 621 1651 1.
644 1616 753 1659 ,Quam
769 1614 907 1657 (bonam
926 1617 1177 1665 conscientiam)
1196 1622 1334 1667 quidam
1350 1624 1545 1667 repellentes
1562 1625 1648 1656 circa
1660 1623 1704 1665 fi-

94 1670 167 1705 dem
185 1671 504 1716 naufragaverunt,
532 1678 549 1702 e
566 1664 685 1714 quibus
701 1665 743 1711 est
764 1665 994 1711 Hymenaeus,
1023 1668 1171 1703 Philetus
1189 1678 1221 1703 et
1245 1671 1461 1711 Alexander,
1481 1684 1557 1718 quos
1568 1671 1704 1707 tradzdi

89 1721 234 1764 satanae
252 1742 261 1756 ,
287 1727 326 1752 ut
343 1718 472 1762 discant
487 1729 553 1751 non
571 1715 808 1760 blasphemare.
861 1715 1014 1749 Tradere
1033 1727 1144 1751 autem
1169 1716 1315 1759 satanae,
1344 1719 1421 1753 licet
1446 1720 1503 1753 alii
1529 1720 1627 1754 aliter
1654 1722 1704 1755 in-

92 1778 345 1813 terpretentur,
387 1765 472 1800 nihil
497 1764 590 1800 aliud
618 1763 754 1798 videtur
782 1761 866 1800 effe,
898 1776 1001 1808 quam
1027 1777 1046 1799 a
1071 1763 1226 1801 fidelium
1251 1780 1424 1803 conventu
1454 1769 1639 1814 expellere,
1666 1782 1704 1805 ut

94 1815 276 1851 constarex
296 1816 405 1861 capite
424 1815 546 1860 quinto
570 1812 727 1859 epistolae
746 1813 875 1858 primae
893 1812 935 1847 ad
954 1814 1164 1849 Corinthios.
1209 1817 1367 1861 Denique
1385 1817 1474 1852 idem
1496 1818 1616 1853 Paulus
1635 1821 1704 1865 epi-

92 1864 177 1901 stola
197 1865 240 1900 ad
257 1866 382 1899 Titum
401 1865 508 1910 capite
530 1863 652 1899 ultimo
672 1862 876 1897 haereticum
895 1863 1072 1898 hominem
1091 1863 1168 1909 post
1185 1877 1287 1900 unam
1308 1876 1339 1900 et
1357 1866 1493 1902 alteram
1517 1872 1704 1915 correptio-

93 1927 172 1950 nem
193 1913 413 1949 devitandum
433 1911 496 1948 effe
516 1913 622 1948 docet.
678 1912 781 1955 Quod
802 1911 949 1957 rigidius
978 1915 1119 1959 exponit
1141 1916 1288 1960 Joannes
1314 1915 1462 1950 scribens
1489 1917 1523 1951 in
1552 1919 1645 1963 epist.
1673 1932 1702 1955 2.

92 1977 126 2000 v.
143 1977 196 1999 10.
227 1963 566 2012 Ornnis‚qui7·ecedit
576 1970 681 1997 etnon
694 1970 866 2008 permanet
877 1964 912 1996 in
929 1962 1083 1998 doHrina
1095 1963 1224 2008 duffii,
1244 1964 1338 1999 deum
1348 1978 1410 2000 non
1423 1965 1537 2006 hahet,
1555 1971 1612 2014 qui
1630 1980 1704 2014 pcr-

92 2014 201 2050 manet
212 2015 248 2048 in
257 2012 409 2048 eloth-ina
420 2013 472 2047 liic
482 2021 512 2046 et
520 2021 650 2058 patrem
661 2010 807 2054 etsilium
818 2010 914 2045 hahet
923 2012 965 2056 §fi
974 2015 1048 2059 quis
1059 2016 1155 2047 venit
1165 2012 1210 2046 ad
1222 2025 1274 2047 vos
1285 2039 1291 2053 ,
1303 2026 1333 2048 et
1345 2015 1427 2050 hanc
1445 2015 1628 2051 doarium
1640 2029 1705 2052 non.

92 2064 198 2109 affert
209 2088 216 2103 ‚
227 2073 285 2097 nec
296 2074 356 2097 ave
366 2064 398 2096 ei
408 2062 568 2097 dixer-itis
579 2086 586 2101 ‚
597 2063 654 2109 qni
663 2063 750 2095 enim
761 2060 846 2095 dicit
859 2063 890 2094 ei
899 2072 960 2095 ave
971 2086 977 2100 ‚
990 2065 1203 2096 communicat
1215 2065 1284 2107 ejus
1294 2063 1447 2109 operibus
1457 2068 1628 2111 malignis.
1657 2068 1705 2100 Ex

95 2111 219 2158 quibus
231 2110 356 2147 constat
373 2109 605 2156 apostolorum
627 2121 783 2154 tempore
802 2109 1182 2145 excommunicationem
1200 2111 1234 2145 in
1256 2110 1318 2146 usu
1337 2110 1444 2150 fuisle,
1465 2113 1544 2148 etab
1563 2116 1604 2148 iis
1614 2127 1707 2150 com·

94 2161 286 2196 mendatam
309 2159 466 2196 adversus
495 2172 573 2202 eos,
616 2159 676 2205 qui
696 2156 886 2195 debirinam
903 2157 1029 2194 Christi
1048 2161 1186 2206 penitus
1210 2160 1419 2203 evertebant,
1472 2174 1530 2198 aut
1549 2165 1706 2210 gravium

107 2211 287 2247 criminum
313 2211 362 2246 rei
388 2219 491 2245 erant.

889 2293 1010 2330 Bbz
1588 2301 1664 2339 1⁷0st
