2022 2733
312 177 814 215 msESRTA’ronEs
850 176 1203 218 HISTORICAE.
1236 183 1400 220 Dtssnr.
1428 186 1508 222 vn'.
1610 198 1681 235 37¹

255 265 414 304 Clemens
431 265 684 303 Alexandrinus
702 265 761 302 lib.
789 278 822 310 4.
847 269 1004 304 stromat.
1056 270 1212 313 Deinde,
1239 271 1373 317 inquit,
1411 276 1517 311 tacite
1529 275 1723 325 signficant

132 324 294 358 cecorum,
321 317 408 366 quod
422 319 497 366 legi
514 329 578 352 non
586 315 793 363 subjicitur,
814 319 900 363 scite
922 318 1216 367 modestiamsuam
1233 322 1418 369 ostendens,
1447 323 1652 375 subjungit:
1675 329 1720 362 ti·

120 371 135 404 i
147 369 216 415 soli
227 370 366 415 peccavi
376 393 385 408 ,
414 376 449 403 et
465 367 584 401 malum
603 378 712 402 coram
729 375 762 402 te
771 370 857 413 feci.

247 415 381 453 Auster
400 416 637 451 commentarii
654 416 690 450 in
707 415 877 462 psalmos,
905 418 965 463 qui
983 417 1043 454 sub
1058 418 1204 456 Arnobii
1230 421 1371 457 nomine
1395 422 1553 468 vulgatus
1580 421 1641 463 est,
1678 424 1714 458 in

95 465 180 504 ΡΜ.
206 477 262 511 ςο.
320 465 402 502 Tibi
412 467 479 511 soli
499 467 654 512 peccavi,
681 467 848 514 omnisque
860 466 924 512 sub
930 468 1069 514 judicio
1093 473 1188 504 venit
1205 483 1276 506 cum
1300 472 1509 519 deliquerit,
1541 471 1614 506 Deo
1635 484 1712 518 pec-

94 525 148 553 cat
167 524 202 552 et
215 515 345 565 legibus
361 515 481 551 nundi
491 527 498 547 z
526 516 580 549 hic
597 524 708 549 autem
725 527 786 549 rex
795 515 860 559 sub
874 519 964 551 nullo
984 518 1050 553 alio
1067 519 1128 564 nist
1140 518 1203 563 fich
1219 519 1292 555 Deo
1300 522 1370 566 solo
1389 533 1511 570 agens.
1538 523 1645 566 ipsum
1655 523 1711 566 so-

93 568 164 602 lum
176 567 284 613 super
296 564 487 613 potestatem
503 572 648 598 metuens
664 562 739 596 Deo
759 566 828 606 soli
851 567 1013 607 peccavit.

242 616 274 650 S.
295 615 532 659 Hieronymus
549 623 602 656 ep.
620 614 681 652 46.
708 610 749 645 ad
765 609 959 647 Ruffinum:
1016 612 1098 647 Tibi
1112 613 1182 657 soli
1205 619 1357 659 peccavi,
1393 627 1456 652 rex
1483 619 1573 653 enim
1597 628 1709 658 eram.

92 673 127 702 et
145 665 248 700 alium
265 675 330 698 non
346 661 510 697 timebam.
563 659 661 695 Idem
681 658 781 695 habet
801 660 940 706 epistola
960 673 1017 696 22.
1043 661 1086 696 ad
1103 659 1328 698 Eustochium
1354 675 1380 699 c.
1401 677 1434 709 5.

243 714 276 747 S.
293 709 494 747 Ambrofius
511 710 546 744 in
563 708 701 755 apolog.
717 710 839 745 David.
858 722 885 746 c.
903 722 937 754 4.
987 712 1085 757 „Qui
1113 721 1274 748 tenentur
1301 712 1454 760 legibus,
1471 715 1593 750 audent
1610 714 1712 754 suum

92 774 241 809 „negare
257 771 453 808 peccatum,
483 758 715 804 dedignantur
733 772 854 805 rogare
871 759 1142 806 indulgentium,
1169 773 1271 806 quam
1288 763 1439 809 petebat,
1466 767 1525 810 qui
1536 765 1636 800 nullis
1655 766 1710 801 de·

90 810 321 857 „dignabatur
340 808 472 856 legibus
489 809 661 843 humanis.
689 808 738 844 Et
763 821 871 855 c.310.
897 809 984 844 Tibi
997 809 1063 845 soli
1080 812 1234 855 peccavi,
1262 824 1320 846 rex
1342 813 1462 860 utique
1479 826 1567 852 erat,
1603 815 1709 850 nullis

90 860 188 907 „ipse
208 860 341 906 legibus
359 857 551 898 tenebatur,
581 857 660 902 quia
677 855 776 892 liberi
793 856 870 892 sunt
890 871 988 904 reges
1007 872 1025 893 a
1043 858 1189 895 vinculis
1215 859 1437 902 defletorum,
1472 876 1585 910 neque
1612 866 1705 901 enim

91 910 194 953 „ullis
210 909 344 956 legibus
362 908 406 943 ad
421 919 569 954 poenam
586 919 752 942 vocantur
772 908 835 943 tuti
851 908 991 954 imperii
1006 907 1178 956 potestate.
1231 911 1380 946 Homini
1401 925 1483 959 ergo
1499 926 1569 949 non
1586 925 1706 960 pecca.

89 961 179 1002 ‚,vit,
207 960 263 994 cui
280 971 349 994 non
369 957 547 993 tenebatur
563 955 746 992 obnoxius.
798 957 890 993 Idem
908 957 967 994 lib.
987 971 1018 993 2.
1043 969 1093 1005 ep.
1113 970 1145 1003 7.
1172 959 1285 994 David
1304 973 1363 996 rex
1380 962 1443 1003 ait,
1469 962 1530 997 tibi
1553 963 1705 1010 solipec.

24 1024 28 1026 ’
88 1009 206 1051 „caviz
259 1007 366 1054 regali
392 1007 482 1041 enim
507 1005 669 1042 subnixus
698 1003 834 1053 fastigio
856 1006 947 1052 quasi
964 1007 1080 1053 legum
1103 1008 1263 1043 dominus
1277 1008 1410 1057 legibus
1429 1023 1509 1048 reus
1528 1024 1596 1047 non
1616 1025 1703 1052 erat.

89 1058 179 1102 „soli
194 1061 270 1095 Deo
286 1057 456 1092 obnoxius
478 1055 676 1094 tenebatur,
703 1059 761 1101 qui
786 1057 949 1092 dominus
976 1057 1021 1092 est
1039 1057 1253 1105 potestatum.
1598 1101 1600 1103 ¹

240 1106 391 1154 Cyrillus
412 1105 660 1141 Alexandrinus
678 1106 735 1140 lib.
762 1118 813 1140 12.
833 1107 868 1140 in
888 1109 1007 1154 Joann.
1027 1119 1054 1143 c.
1079 1111 1134 1150 56.
1187 1108 1242 1143 Sic
1265 1110 1352 1144 enim
1369 1112 1407 1145 in
1423 1108 1519 1145 rebus
1535 1111 1707 1147 etiamhuae

87 1160 195 1194 manis
207 1156 291 1200 fieri
307 1158 542 1203 conspicimus,·
571 1158 698 1204 quippe
715 1168 807 1191 nemo
824 1157 913 1204 leges
930 1169 1050 1204 regum
1070 1159 1205 1204 impune
1223 1158 1397 1203 reprobat,
1435 1159 1495 1204 nist
1517 1172 1614 1208 reges
1634 1160 1702 1207 ἱρῇ,

87 1210 128 1243 in
145 1206 261 1256 quihus
275 1207 590 1252 praevaricationis
609 1208 733 1240 crimen,
749 1207 850 1240 locum
868 1218 933 1240 non
957 1205 1074 1240 habet:
1105 1206 1295 1252 prudenter
1320 1211 1406 1242 enim
1429 1208 1553 1243 diffum
1581 1211 1623 1255 est
1641 1213 1704 1245 im-

84 1261 180 1305 pium
201 1256 278 1303 effe,
307 1258 366 1303 qui
383 1257 462 1302 regi
479 1254 633 1289 dixerit:
660 1257 775 1301 inique
795 1257 882 1301 agis.
910 1253 1126 1289 Gaffiodorus
1142 1256 1177 1288 in
1199 1253 1316 1291 Psalm.
1343 1269 1396 1301 50.
1437 1256 1517 1292 Tibi
1535 1260 1604 1304 Joli
1622 1270 1703 1306 pec.

88 1309 184 1347 cavi,
211 1308 291 1354 quia
307 1317 368 1338 rex
385 1302 532 1338 omnibus
543 1303 702 1347 superior
720 1302 780 1347 est,
809 1312 843 1336 et
863 1315 882 1335 a
899 1302 974 1341 Deo
993 1304 1062 1347 Jolo
1084 1303 1293 1349 puniendus.

96 1385 104 1389 .
131 1386 138 1388 ..
237 1357 411 1400 Agapetus
426 1352 462 1386 in
480 1351 698 1397 paraenetico
717 1349 758 1384 ad
779 1349 862 1398 Just.
880 1362 974 1386 num.
997 1363 1054 1395 27.
1111 1350 1194 1386 'Iibi
1211 1350 1272 1398 ipsi
1294 1352 1503 1398 custodiendi
1525 1356 1616 1403 leges
1640 1357 1702 1390 im.

86 1417 175 1453 pone
191 1402 423 1450 neceffitatem‚
450 1413 520 1437 cum
537 1412 603 1435 non
621 1399 739 1436 habeas
760 1403 796 1436 in
817 1401 940 1438 terris,
967 1403 1027 1449 qui
1042 1408 1077 1436 te
1089 1399 1188 1449 poffit
1203 1412 1337 1450 cogere:
1353 1402 1402 1450 fic
1420 1406 1507 1439 enim
1531 1412 1569 1440 tu
1587 1407 1700 1453 legum

86 1466 175 1503 prae
200 1463 232 1490 te
253 1456 352 1498 feres
369 1452 504 1487 cultum.

240 1501 435 1547 Gregorius
452 1497 667 1533 Turonensis
685 1498 758 1534 hist.
777 1499 836 1537 lib.
857 1511 886 1544 3.
905 1512 930 1535 c.
955 1511 1008 1544 17.
1037 1500 1077 1536 Si
1093 1502 1165 1548 quis
1182 1512 1199 1536 e
1215 1499 1324 1539 vobis,
1349 1515 1367 1536 ο
1382 1513 1463 1540 rex.
1481 1503 1638 1549 justitiae
1654 1504 1698 1538 li-

89 1557 188 1590 mites
207 1549 442 1595 transcendere
459 1549 626 1587 voluerit,
653 1561 673 1582 a
692 1557 726 1582 te
743 1551 870 1595 corripi
886 1551 1009 1596 potes&
1025 1551 1056 1595 st
1075 1562 1155 1585 vero
1170 1559 1208 1587 ut
1225 1551 1393 1598 recefferis
1405 1578 1413 1592 ,
1448 1555 1518 1601 quis
1540 1562 1573 1586 te
1595 1555 1701 1587 corri-

87 1606 181 1651 piet3
209 1603 371 1648 loquimur
392 1601 476 1633 enim
493 1595 575 1636 tibi,
594 1595 624 1642 fi
641 1598 805 1634 volueris,
831 1598 946 1636 audis,
962 1598 994 1646 fi
1003 1608 1113 1635 autem
1129 1601 1293 1642 nolueris,
1320 1603 1393 1649 quis
1410 1610 1444 1636 te
1460 1600 1693 1637 condemnabit

90 1655 148 1689 nix
166 1654 211 1692 is,
237 1649 342 1698 quise
359 1648 604 1696 pronuntiavit
630 1645 871 1692 effejustitiam
1166 1656 1169 1657 ’

241 1697 388 1733 lfidorus
409 1694 636 1741 Hispalensis:
663 1695 813 1739 Dzfficile
831 1695 873 1742 est
888 1697 1074 1743 principem
1091 1697 1234 1745 regredi
1241 1699 1288 1734 ad
1303 1696 1438 1739 meliut,
1453 1698 1486 1746 st
1503 1701 1603 1734 vitiis
1612 1701 1700 1745 fue-

90 1754 143 1788 rit
160 1750 371 1796 implicatm5
397 1747 514 1793 populi
529 1747 615 1780 enim
629 1754 799 1792 peccantes
808 1744 957 1790 judicem
975 1754 1146 1786 metuunt,
1199 1755 1234 1782 et
1249 1760 1269 1782 a
1286 1749 1368 1782 malo
1382 1749 1443 1792 suo
1467 1747 1597 1796 legibus
1614 1761 1699 1783 coer-

91 1810 228 1837 centur:
254 1808 350 1846 reges
360 1804 469 1830 autem
487 1795 546 1842 nisi
557 1795 622 1840 soli
645 1794 716 1830 Dei
734 1796 854 1829 timore
877 1803 1028 1843 metuque
1047 1795 1223 1842 gehennae
1248 1805 1483 1836 coerceantur,
1526 1796 1633 1833 libere
1659 1799 1698 1832 in

82 1860 249 1900 >praeceps
264 1854 390 1886 ruunt,
417 1854 451 1881 et
466 1856 528 1892 per
543 1844 721 1889 abruptum
747 1845 904 1879 licentiae
923 1846 960 1878 in
977 1855 1069 1879 omne
1079 1846 1220 1890 facinus
1238 1847 1400 1880 vitiorum
1425 1843 1598 1881 labuntur.

101 1928 105 1930 .
241 1896 452 1931 Hincmarus
468 1892 660 1928 Rhemenfis
673 1919 778 1929 ......
803 1891 1137 1940 Dicuntcsapienten
1164 1896 1242 1941 quia
1259 1893 1318 1941 iste
1332 1896 1489 1941 princeps
1505 1906 1568 1929 rex
1584 1895 1698 1930 Gallo·

91 1961 166 1986 rum
180 1947 344 1984 nullorum
365 1943 496 1992 legibus
515 1944 570 1978 vel
578 1941 720 1989 judiciis
735 1941 899 1988 suhjacet,
925 1941 985 1989 nist
998 1943 1098 1986 lolius
1119 1942 1208 1982 Dei,
1234 1945 1293 1991 qui
1308 1955 1380 1978 eum
1404 1945 1442 1978 in
1461 1955 1576 1992 regno,
1597 1942 1699 1991 quod·

86 2000 168 2045 suus
187 2004 289 2044 pater
308 1995 362 2029 illi
379 1993 518 2038 dirmfin
542 1992 734 2037 constitum
759 1993 913 2039 quoniam
923 1992 1030 2037 solius
1045 1992 1118 2027 Dei
1141 1991 1240 2028 debet
1261 1994 1483 2040 principatui
1499 1991 1644 2040 subjici.
1678 2005 1700 2029 a

91 2061 153 2097 quo
168 2047 238 2092 solo
256 2045 371 2092 potuit
389 2045 427 2077 in.
438 2043 638 2088 principatu
659 2041 818 2087 constitui.

240 2095 316 2128 Yvo
333 2090 549 2127 Carnotenfis
570 2103 623 2136 ep.
649 2102 727 2134 171.
778 2091 843 2129 „Et
860 2089 936 2134 quin
952 2088 1219 2136 dispensationes
1243 2101 1361 2126 rerum
1378 2088 1622 2136 temporalium
1644 2103 1700 2127 re.

92 2145 216 2192 „gibus
231 2141 412 2179 attributae
429 2139 522 2181 sunt,
549 2152 580 2175 et
597 2139 727 2180 basilei,
755 2139 791 2174 id
809 2139 870 2180 est,
898 2137 1158 2176 fundamentum
1174 2139 1297 2187 populi
1313 2151 1345 2175 et
1362 2149 1462 2186 caput
1480 2138 1643 2181 existunt,
1671 2139 1698 2176 Ε

91 2194 296 2238 „aliquando
314 2188 475 2237 potestate
490 2189 551 2225 fibi
568 2187 714 2224 concessa
729 2188 936 2228 abutuntur,
962 2200 1033 2224 non
1050 2187 1126 2225 sunt
1144 2202 1162 2224 a
1180 2191 1279 2225 nobis
1299 2186 1697 2236 graviterexasperand13

91 2243 172 2289 „sed
193 2243 252 2280 ubi
267 2241 479 2285 sacedotum
493 2237 746 2277 monitionibus
764 2251 834 2276 non
851 2238 1102 2283 acquieverint,
1127 2237 1247 2277 divino
1266 2238 1400 2290 judicio
1423 2237 1503 2277 sunt
1528 2236 1698 2324 τεΐεέιναιι,

879 2290 912 2328 Α
925 2299 946 2326 fl
961 2299 981 2326 ι
1001 2300 1022 2323 2
1129 2293 1132 2296 ’
1566 2312 1592 2331 4,
1620 2287 1652 2334 '5
