2022 2733
301 182 805 220 DISSERTATIONES
830 183 1179 225 HfsTORICAE.
1215 189 1376 224 stsznr.
1396 189 1442 224 11.
1599 200 1666 234 ῖς)

99 282 177 306 men
189 295 198 312 ‚
226 271 376 316 datisque
393 271 550 318 pontifici
567 274 678 309 verbis
696 274 906 310 innocentem
924 275 957 311 se
973 275 1037 313 esse
1054 289 1086 314 et
1096 289 1143 316 ea,
1161 288 1248 321 quae
1262 275 1439 312 adversum
1460 275 1492 311 se
1508 276 1597 323 gesta
1611 286 1723 317 erant&

99 322 220 365 iniqua
239 319 301 356 effe
319 321 515 367 persuadet:
542 337 623 368 quiu
640 326 758 358 multis
787 324 828 358 ab
848 339 889 359 eo
916 327 975 361 {ibi
1000 340 1073 362 ‘non
1098 339 1224 372 parum
1252 326 1402 363 faventes
1426 327 1553 362 litteras
1571 329 1714 369 obtinet,

98 369 226 415 quibus
245 371 285 405 ad
305 371 486 407 lecundum
508 385 651 407 mentem
666 378 810 409 Romam
830 377 975 410 citantur
994 377 1157 416 Africani,
1176 388 1217 412 ut
1235 376 1350 423 ipsum
1367 376 1536 413 adcusent.
1589 377 1645 411 llli
1669 377 1711 413 ad

95 430 233 466 tempus
251 419 474 456 constitutum
497 426 636 457 minime
651 425 796 457 veniunt
861 428 934 459 Nee
953 428 1080 461 mirum
1098 438 1175 461 cum
1194 426 1275 472 ipfis
1298 426 1493 473 persuasum
1519 424 1597 461 effet
1621 426 1714 473 judi-

94 470 146 503 cia
165 471 199 503 in
215 471 391 516 provincia
410 470 501 504 finiri
524 485 701 517 oportere3
727 472 807 505 alias
828 485 911 518 ergo
928 476 969 509 ad
987 475 1168 510 Africanos
1185 476 1277 509 dedit
1294 477 1419 511 litteras
1438 478 1613 516 zozimus,
1633 477 1710 520 qui-

93 516 159 552 bus
169 518 366 566 expostulat,
385 520 478 565 quod
493 534 597 556 nemo
611 519 782 556 ‹adfuiflen
834 523 933 560 Ecce,
962 526 1091 567 inquit,
1116 526 1277 571 Pelagius
1302 526 1540 573 coelestiusque
1563 527 1726 573 apostoli-⁷

94 580 150 603 eae
159 569 234 614 sedi
250 573 286 604 in
305 571 436 604 litteris
452 575 519 609 luis
537 580 570 605 et
581 569 919 618 cotfiffizmz'bussuis,
937 572 1136 612 ubiHerus,
1163 574 1222 607 ubi
1236 571 1407 610 Lazarus,
1419 584 1478 609 etc.
1507 574 1595 610 mifit
1613 587 1710 619 prae-

91 627 182 651 terea
203 618 387 653 Coelestius
399 617 656 659 subdiaconum,
679 634 694 652 a
713 631 782 663 quo
809 621 966 655 raulinus
986 622 1150 658 ‘diaconus
1174 623 1216 654 ad
1234 620 1346 656 sedem
1360 621 1584 668 apostolicam
1594 634 1627 656 et
1645 627 1709 659 Zo-

92 668 176 701 zimi
195 667 361 714 judicium
378 669 498 702 citatus
517 668 571 702 est.
625 669 834 703 Vadiinonio
852 669 1034 706 constituto
1084 671 1138 705 hic
1159 671 1321 706 diaeonus
1336 670 1447 706 vadesse
1463 675 1585 707 renuit.
1613 675 1711 708 Tum

93 719 332 752 convenientes
351 718 386 751 in
410 714 516 752 unum
537 715 692 752 Africani
708 717 864 764 episcopi
879 720 966 754 circa
975 726 1191 755 Autumnum
1209 724 1384 765 anni417.
1406 720 1566 756 *coelestii
1580 733 1613 757 et
1623 723 1714 757 Pela·

93 766 143 811 gii
163 767 293 802 errores
320 766 584 807 damnaverunt,
621 768 853 813 grandemque
874 771 915 802 ad
941 772 1125 806 Zozimum
1148 770 1326 816 epistolam
1348 770 1531 817 scripsere,
1582 772 1620 806 in
1644 783 1712 817 qua

92 815 321 860 querebantur
338 816 481 851 nimium
499 816 540 851 ab
559 816 632 863 ipso
648 817 748 852 fidem
766 817 931 853 Coelestio
942 820 1131 855 adhibitam
1148 818 1219 857 else,
1240 831 1270 855 et
1286 832 1376 865 ‘quae
1395 823 1428 855 in
1446 821 1508 856 'hac
1525 821 1620 857 eausa
1633 820 1712 857 azia

91 862 239 906 fuerant,
258 865 372 912 ipsum
384 866 589 907 edocebant,
619 866 722 902 miffis
741 869 841 901 etiam
866 870 974 913 gestis,
995 882 1080 914 quae
1098 868 1237 905 fuerant
1251 867 1324 904 asta
1340 872 1384 904 vde
1401 870 1458 904 illo
1474 871 1528 905 vel
1551 884 1629 906 cum
1648 871 1711 907 illo

93 914 273 951 Coelestio.
325 917 420 950 Haec
437 916 631 951 Marcellini
650 929 759 962 opera
777 916 872 952 missa
889 918 983 960 lunt,
1008 932 1072 966 per
1086 932 1189 964 quem
1206 919 1304 955 fimul
1323 930 1356 954 et
1373 920 1504 955 Paulini
1521 922 1712 957 commoni—

92 965 224 1000 torium
241 967 385 999 Romam
404 965 552 999 delatum
572 964 627 1001 est.

245 1015 343 1047 Tum
363 1015 526 1048 Zozimus
544 1012 640 1048 lestis
654 1013 748 1048 hisce
762 1014 886 1049 litteris
905 1026 936 1048 et
951 1014 1170 1051 confidet-atis
1197 1015 1440 1053 Africanorum
1468 1017 1609 1055 decretis
1637 1020 1712 1066 epi-

93 1060 212 1097 stolam
226 1073 256 1106 3.
279 1061 325 1096 ad
342 1074 400 1096 eos
419 1061 515 1101 mifit,
532 1063 569 1096 in
586 1074 655 1107 qua
669 1060 904 1108 sagius-paulo
924 1065 1084 1111 aequior,
1110 1063 1292 1111 postquam
1311 1066 1514 1111 apostolicae
1535 1068 1623 1104 sedis
1648 1081 1709 1105 au-

90 1112 264 1147 toritatem
282 1111 547 1150 commendavit,
573 1123 673 1157 negat
690 1110 723 1146 se
742 1112 776 1145 in
790 1112 952 1146 omnibus
968 1113 1138 1148 Coelestio
1154 1113 1257 1149 fidem
1266 1116 1539 1159 accommodasse,
1549 1129 1588 1152 ut
1598 1117 1709 1155 visum

91 1158 203 1196 fuerat
219 1158 403 1195 Africanis.
456 1158 686 1203 Testaturque
702 1159 735 1193 se
748 1161 837 1194 nihil
858 1159 1043 1195 definivisse
1058 1175 1116 1196 aut
1131 1162 1201 1197 fine
1215 1175 1353 1199 maturo
1372 1166 1521 1201 examine
1547 1166 1709 1203 definitu-

91 1221 184 1245 rum.
235 1208 384 1248 Idcirco,
408 1208 542 1251 inquit,
566 1211 705 1241 moverit
722 1208 831 1251 vestra
840 1211 1054 1251 fraternitas
1071 1212 1159 1244 nihil
1175 1223 1231 1245 nos
1252 1212 1325 1256 post
1342 1215 1435 1253 illas,
1453 1226 1532 1260 quas
1548 1215 1707 1263 superius

89 1259 146 1293 vel
166 1258 300 1292 litteras
316 1256 440 1303 vestras
452 1257 632 1301 accipimus
648 1255 854 1300 immutaſjes
873 1255 936 1300 sed
952 1258 988 1289 in
1006 1256 1115 1290 eodem
1127 1258 1247 1292 cunHa
1263 1261 1434 1306 reliquzffe
1447 1262 1557 1307 statu,
1591 1267 1629 1299 in
1645 1277 1708 1313 quo

88 1306 214 1343 dudum
228 1308 371 1352 fuerant
389 1308 461 1340 c'um
477 1304 665 1350 *hoenoflris
680 1305 809 1338 litteris
834 1305 965 1349 vestrae
974 1305 1199 1348 indicavimus
1213 1307 1413 1352 Janffitati.
1436 1319 1476 1346 ut
1493 1311 1565 1353 illa,
1583 1324 1669 1361 quae
1686 1324 1708 1348 a

87 1355 183 1392 vobis
200 1354 296 1402 miffa
311 1363 391 1390 erat
411 1354 456 1389 ad
471 1366 526 1388 vos
537 1378 545 1394 ,
562 1353 739 1399 obtestatio
756 1361 955 1389 remaneret.
1140 1391 1145 1394 ,

238 1404 381 1439 Interim
398 1401 551 1438 Africani
570 1412 774 1442 metuenteS,
792 1415 837 1437 ne
853 1404 1017 1439 Zozimus
1032 1401 1168 1449 ,aliquid
1182 1403 1218 1439 in
1237 1405 1381 1452 gratiam
1406 1406 1564 1445 eoelestii
1587 1409 1710 1447 statue.

87 1463 151 1495 ret,
168 1452 348 1500 legatosad
367 1453 569 1488 Honorium
581 1452 832 1497 imperatorem
849 1455 1027 1488 Ravennae
1051 1464 1134 1489 tune
1158 1454 1333 1501 degentem
1358 1456 1542 1497 miserunt,
1579 1459 1708 1505 quibus

89 1503 230 1550 quidem
246 1502 288 1538 ab
306 1515 346 1538 eo
364 1502 590 1538 obtinuerunt
604 1499 877 1537 constitutionem
888 1527 897 1544 ,
922 1505 964 1538 in
981 1504 1157 1553 Pelagium
1172 1514 1207 1540 et
1224 1506 1409 1553 Coelestium
1429 1520 1602 1556 eorumque
1612 1521 1704 1545 erp-0.

89 1565 154 1590 res.
206 1556 256 1588 Ac
274 1551 413 1588 demum
432 1562 572 1587 vocatus
590 1562 608 1584 a
623 1551 770 1584 Zozimo
785 1549 826 1584 ad
843 1551 1047 1588 audientiam
1067 1554 1254 1594 Coelellius,
1281 1556 1393 1600 inquit
1415 1559 1549 1593 Marius
1575 1570 1706 1601 merca-

89 1614 147 1645 tor
165 1602 202 1636 in
216 1601 504 1637 commonitorio,
531 1608 570 1634 ut
588 1611 669 1646 quae
693 1601 898 1646 promiserat
915 1601 1100 1647 festinaret
1127 1605 1285 1650 implere,
1337 1606 1375 1640 id
1390 1606 1432 1652 est
1447 1632 1456 1647 ,
1473 1615 1513 1642 ut
1535 1606 1704 1644 damnatis

86 1650 272 1699 praediffis
296 1652 453 1697 capitulis
468 1651 639 1694 sententia
655 1649 900 1693 Africanorum
909 1651 1141 1697 episcoporum,
1155 1665 1222 1699 qua
1226 1656 1352 1700 fuerat
1361 1658 1577 1691 communione
1583 1661 1704 1703 priva·

87 1710 144 1737 tus
161 1698 409 1744 absolveretur,
438 1710 502 1733 non
511 1699 619 1743 solum
637 1710 704 1732 non
721 1697 859 1743 adfuit5
877 1699 942 1742 sed
956 1703 1058 1734 etiam
1075 1713 1115 1735 ex
1131 1712 1307 1737 memorata
1326 1703 1408 1739 urbe
1430 1708 1614 1753 profugit,
1652 1715 1703 1743 at-

87 1761 149 1799 que
164 1748 202 1783 ob
221 1749 277 1782 Ιιοε
292 1760 312 1782 a
328 1747 445 1782 beatae
463 1750 641 1782 memoriae
654 1748 798 1793 episcopo
824 1746 960 1782 Zozimo
981 1749 1124 1794 scriptis
1142 1751 1340 1798 ampliffimis
1357 1753 1399 1799 est
1421 1754 1698 1800 praedamnatus„

87 1801 128 1833 In
146 1808 223 1833 toto
244 1795 306 1832 isto
327 1797 465 1842 negotio
483 1795 623 1842 adparet
640 1797 914 1841 vitilitigatorem
932 1795 1137 1832 Coelestium
1162 1799 1208 1833 ad
1231 1802 1472 1837 Innocentium
1497 1803 1695 1850 ‘adpellass‘e‚

89 1848 230 1894 adparet
246 1846 429 1882 Zozimum
446 1856 609 1881 conatum
626 1844 688 1879 esse
705 1845 746 1880 ad
765 1844 797 1879 se
814 1845 945 1880 trahere
964 1843 1144 1882 Africanos
1163 1847 1208 1881 ad
1225 1850 1432 1886 reddendam
1454 1854 1624 1889 rationem
1644 1855 1699 1902 ju-

91 1896 172 1932 dicii
196 1893 268 1934 sui,
317 1895 458 1942 adparet
479 1896 578 1930 etiam
606 1893 786 1930 Africanos
811 1894 956 1930 multum
973 1893 1145 1937 laborasse,
1162 1908 1201 1932 ut
1218 1899 1379 1935 Zozimus
1389 1900 1568 1948 deceptum
1588 1902 1621 1938 se
1638 1903 1701 1939 esse

89 1944 285 1993 agnosceret
303 1957 323 1980 a
339 1943 525 1986 Coelestio,
552 1955 586 1980 at
600 1957 671 1980 non
688 1945 827 1990 adparet
840 1957 899 1980 eos
924 1944 1100 1990 >agnovisse
1121 1947 1156 1980 in
1180 1946 1344 1992 pontifice
1365 1952 1523 1987 Romano
1554 1953 1699 1999 potesta·

87 2005 157 2031 tem
176 1993 385 2030 rescindendi
401 1994 520 2043 judicii
536 2007 554 2030 a
571 1993 603 2030 se
619 1995 656 2033 in
672 1993 876 2032 eoelestium
891 1993 968 2037 lati,
991 1996 1065 2031 imo
1081 1997 1294 2034 contrarium
1321 2011 1360 2034 ex
1378 1998 1478 2036 distis
1503 2002 1621 2050 eolligi
1647 2001 1696 2050 fa-

88 2043 217 2082 einime
238 2042 357 2092 potest.
