2022 2733
310 196 834 240 'mssrRTATm‘NEs
863 202 1216 242 HisTORICAE.
1247 206 1514 247 nissmsvn.
1616 223 1686 259 433

265 290 401 329 'Verum
422 306 487 338 qua
509 294 549 329 de
568 293 661 328 causa
679 293 903 329 Belial-minus
923 295 1121 331 Bennonem
1139 295 1341 333 cardinalem
1359 302 1391 332 et
1412 298 1497 334 alios
1525 298 1734 347 scriptores:

114 349 154 374 ut
168 337 340 386 suspefi'cos
360 345 488 390 rejoeit,
516 344 631 379 eadem
650 356 713 378 nos
729 343 911 389 pleroi'qtie
932 357 969 378 ex
987 344 1055 378 istis
1071 369 1080 382 ,
1109 346 1168 390 qui
1187 346 1479 393 Gregoriipartes
1500 347 1735 395 sequebantur,

111 389 150 424 in
173 392 391 428 autoritatem
409 393 588 429 admittere
606 406 674 428 non
693 405 861 429 tenemur.
915 395 1054 440 Quippe
1073 394 1138 430 hoc
1155 405 1314 441 tempore
1329 410 1447 433 omnes
1466 397 1537 433 sete
1551 400 1732 447 scriptores

110 439 330 485 imperatoris
354 442 597 489 velpoutificis
617 455 728 489 partes
747 444 867 478 acriter
885 445 1084 484 tuebantur,
1137 457 1198 479 nec
1224 445 1372 482 liberum
1396 459 1465 483 erat
1490 449 1571 483 hinc
1598 463 1628 485 et
1653 450 1733 485 inde

110 499 261 525 mentem
281 494 432 538 aperire,
460 505 496 528 ut
520 492 610 527 testis
629 491 674 526 est
693 504 884 538 anonymus
903 493 938 526 in
964 494 1030 528 vita
1055 495 1198 528 Henrici
1225 497 1356 539 quarti:
1406 497 1463 531 De
1490 499 1561 539 Itis,
1597 501 1728 544 inquit,

110 550 193 573 vera
203 542 356 585 scribere
370 545 578 589 periculnm3
600 543 717 588 falsa,
751 544 895 577 crimem
929 543 989 575 hac
1013 543 1132 588 lupus,
1169 544 1230 578 lzac
1253 548 1343 580 canis
1369 555 1482 594 urget.
1538 548 1638 582 Unde
1663 561 1732 583 nou

108 589 238 624 mirum
258 590 279 624 fi
300 592 540 637 prudentiores
555 591 720 636 judicium
741 599 808 621 non
832 589 1130 634 interposuerunt,
1157 594 1280 627 caeteri
1305 594 1357 628 vel
1376 595 1411 629 in
1430 597 1641 638 Henricum,
1679 599 1731 634 vel

110 639 147 673 in
165 638 377 685 Gregorium
394 639 519 693 stylum
539 639 635 673 suum
655 638 856 674 direxerint,
884 649 960 671 eum
982 650 998 672 e
1017 646 1131 672 contra
1149 642 1265 684 potius
1291 641 1421 680 studio,
1457 656 1558 687 quam
1587 645 1729 682 histori-

110 699 233 723 corum
251 690 384 730 animm
412 688 469 722 led
488 688 528 722 de
548 687 687 733 singulis
708 685 930 732 scriptoribus
952 698 1058 732 pauca
1075 687 1196 723 dicam.
1250 691 1429 736 Etprimo,
1450 694 1542 737 quod
1554 694 1728 741 speciatad

107 738 307 772 Marianum
324 740 480 777 Scotum,
510 737 580 784 ejus
600 735 788 771 authoritas
806 735 933 770 nullius
954 735 999 771 est
1017 739 1203 778 momenti,
1232 751 1310 774 cum
1330 735 1534 788 faveritipse
1543 745 1727 782 rebellibus

110 787 320 833 saxonibus,
349 798 381 822 et
397 785 624 821 defestmnem
643 797 763 820 eorum
783 783 1001 830 probaverit,
1029 797 1099 820 non
1117 785 1229 822 solum
1249 800 1339 829 eam,
1372 801 1458 834 quae
1475 792 1638 839 Gregorii
1658 795 1727 832 sen-

107 836 397 881 tentiamsequuta
408 835 472 876 est,
501 834 666 870 sedetiam
680 834 791 874 illam,
821 846 906 879 quae
922 844 1018 869 antea
1034 836 1178 880 contigit
1196 834 1256 871 sub
1267 837 1459 875 Alexandro
1487 841 1656 882 secundo.-
1682 846 1728 882 fie

107 885 199 920 enim
217 884 260 920 de
279 885 339 921 hac
356 885 529 930 loquitur:
559 884 660 927 Quod
671 883 830 921 audiens,
856 884 987 928 inquit,
1011 884 1210 930 praecimus
1236 885 1324 922 Otlzo
1341 887 1434 930 dux,·
1452 895 1601 939 gravius
1625 908 1725 944 quam

88 931 319 982 *credipotest
331 935 455 970 diHum
467 936 560 982 regi5
573 934 736 980 suscepit,
764 933 1031 982 colloquutusq1ce
1042 934 1257 980 principibus
1265 936 1454 980 Saxoniae,
1482 940 1645 980 rebellare
1658 958 1725 981 om-

106 995 180 1020 uem
189 984 289 1031 fimul
297 987 392 1031 fecit
404 985 634 1031 provinciam,
662 991 695 1017 et
719 984 850 1017 merito.
911 982 1068 1017 Lucensis
1094 983 1270 1019 Anielmus
1296 986 1466 1035 Gregorii
1491 988 1627 1037 septimi
1656 991 1725 1030 fuit

110 1045 297 1080 patronuS,
349 1045 385 1069 ut
405 1032 567 1068 testantur
583 1031 779 1077 sigebertus
801 1041 833 1066 et
852 1031 1092 1072 Trithemius,
1119 1032 1265 1078 ideoque
1285 1034 1356 1081 ejus
1375 1036 1558 1074 aufforitas
1576 1054 1645 1077 non
1656 1055 1722 1078 rna-

107 1084 193 1131 joris
218 1081 264 1117 est
287 1083 477 1123 momenti,
530 1093 642 1126 quam*
660 1080 763 1127 ipsius
784 1081 962 1126 Gregorii.
1016 1081 1258 1118 Geberhardus
1287 1096 1424 1131 quoque
1444 1089 1562 1125 eodem
1580 1104 1723 1128 munere

107 1131 247 1168 funstus
267 1131 331 1174 est,
358 1144 389 1167 et
408 1144 486 1167 cum
503 1130 665 1167 Vicelone
681 1131 892 1176 Maguntino
908 1129 1162 1177 archiepiscopo
1179 1131 1384 1178 disputatum
1423 1150 1491 1172 non
1510 1142 1619 1186 magis
1638 1155 1721 1189 ergo

107 1184 138 1218 ei
163 1182 254 1218 credi
280 1181 378 1218 debet
403 1193 518 1230 partes
545 1178 717 1228 pontificis
742 1179 867 1222 tuenti,
921 1192 1023 1227 quam
1049 1181 1206 1217 Viceloni
1225 1194 1338 1231 partes
1365 1186 1584 1234 imperatoris
1603 1190 1720 1229 defen-

105 1232 212 1268 denti.
888 1239 891 1242 '
1335 1281 1345 1285 -

257 1282 457 1320 Lambertus
483 1280 806 1330 Schafnaburgenfis
834 1293 866 1320 et
889 1283 947 1320 alii
974 1279 1153 1331 scriptores
1180 1284 1225 1321 ob
1250 1287 1460 1325 investituras
1487 1301 1518 1326 et
1545 1302 1665 1328 tentata
1683 1295 1717 1329 in

107 1333 321 1379 Gregorium
339 1335 584 1379 imperatorem
601 1334 779 1374 damnant,
832 1346 864 1369 at
885 1335 955 1381 ejus
974 1336 1260 1370 exautorationem
1278 1349 1347 1372 non
1360 1341 1504 1373 omnino
1515 1342 1718 1387 adprobant,

105 1381 160 1417 sed
177 1390 309 1418 tantum
330 1382 489 1417 historice
506 1380 670 1417 referunt.
724 1383 829 1418 Multi
846 1396 928 1418 vero
947 1393 1080 1425 sutores
1098 1385 1290 1419 Henricum
1310 1387 1409 1420 etiam
1428 1387 1505 1433 post
1522 1390 1606 1426 hanc
1624 1405 1717 1429 exau⁴

105 1429 312 1468 torationem
339 1432 584 1479 imperatorem
612 1431 803 1477 adpellant,
856 1432 970 1478 quales
996 1437 1189 1480 'anonymus
1213 1433 1372 1471 historiae
1392 1438 1553 1474 Franciae
1571 1439 1716 1488 scriptor

104 1482 198 1528 apud
214 1480 448 1518 Duchesnium
467 1491 489 1515 t.
507 1482 562 1522 4.,’
588 1482 648 1525 qui
666 1492 835 1524 praeterea
853 1481 1009 1517 observat
1029 1485 1416 1521 excommunicationem
1441 1501 1458 1522 a
1477 1489 1649 1535 Gregorio
1673 1493 1717 1528 la-

104 1541 194 1572 tam,
230 1542 347 1566 contra
374 1530 583 1564 voluntatem
602 1529 706 1563 totius
732 1542 817 1574 pene
845 1531 981 1565 concilii
1005 1529 1146 1579 fafiiam,
1181 1542 1291 1569 totum
1314 1535 1470 1571 ·ecc1efiae
1497 1537 1618 1576 statum
1644 1553 1715 1578 tur-

103 1579 201 1616 basse.
255 1579 416 1615 Albertus
435 1576 599 1623 Aquensis
619 1576 676 1611 lib.
699 1589 726 1613 1.
743 1590 770 1612 c.
790 1591 841 1622 7η
869 1579 1056 1614 Guibertus
1075 1583 1338 1627 Novigentinus
1364 1584 1423 1620 lib.
1445 1597 1474 1629 3.
1501 1599 1526 1622 c.
1548 1601 1576 1623 2.
1590 1614 1598 1626 ,
1627 1593 1716 1627 Gui-

105 1629 242 1666 lielmus
259 1630 392 1678 Tyrius
408 1627 466 1663 lib.
489 1640 518 1662 1.
537 1639 562 1662 c.
587 1639 640 1670 13.
659 1625 717 1662 lib.
738 1633 771 1666 8.
790 1639 817 1662 c.
837 1639 893 1670 ²4·
917 1627 976 1662 lib.
998 1641 1027 1671 9.
1054 1639 1080 1663 c.
1103 1635 1134 1666 8.
1187 1633 1271 1666 Otto
1296 1632 1552 1680 Bambergenfis
1576 1639 1716 1684 epistola

89 1678 371 1720 ‚adjaschalem
407 1676 592 1712 secundum
620 1676 695 1710 data
731 1687 822 1722 anno
854 1690 866 1709 1
880 1689 957 1714 ιο).
1018 1679 1180 1723 Sugerius
1210 1680 1245 1714 in
1280 1682 1348 1716 vita
1380 1684 1548 1720 Ludovici
1577 1687 1656 1722 sexti
1683 1701 1716 1724 et

105 1730 164 1765 alii
189 1729 271 1763 alias
298 1741 316 1763 a
343 1727 444 1764 nobis
470 1725 615 1767 laudati,
651 1726 711 1770 qui
736 1723 864 1761 sagium
893 1726 1058 1773 Gregorii
1083 1726 1174 1763 velut
1191 1740 1320 1765 novum
1338 1742 1369 1767 et
1389 1733 1582 1771 inauditum
1603 1750 1715 1785 repre-

103 1779 269 1815 hendunt.
1664 1830 1668 1831 ⁷

257 1825 441 1875 Objiciunt
457 1825 579 1860 ultimo
599 1823 884 1859 exautorationem
903 1824 1048 1859 Henrici
1064 1826 1226 1862 omnibus
1243 1838 1343 1873 atque
1361 1829 1423 1874 ipsi
1435 1833 1590 1869 Henrico
1600 1846 1713 1872 terro-

106 1878 138 1914 ri
153 1874 272 1916 fuisse,
300 1888 332 1911 et
350 1876 506 1920 quamvis
523 1874 679 1908 nonnulli
700 1872 920 1907 existimarint
937 1873 1056 1920 injuste
1072 1875 1157 1910 hanc
1174 1889 1192 1910 a
1211 1876 1373 1922 pontifice
1391 1879 1490 1916 latam
1510 1883 1643 1919 nullum
1663 1897 1712 1921 ta..

105 1939 186 1963 men
200 1924 320 1963 fuilse,
345 1925 405 1969 qui
421 1924 583 1959 dubitarit
599 1921 794 1970 potestatem
812 1921 874 1958 effe
889 1922 1044 1969 pontifici
1062 1937 1157 1970 reges
1177 1926 1362 1973 deponere,
1392 1931 1484 1974 quod
1497 1932 1610 1978 etipse
1621 1937 1715 1970 Hen-

104 1977 196 2013 ricus
214 1977 249 2009 in
266 1973 407 2021 epistola
425 1972 570 2018 quadam
587 1973 747 2018 agnovit,
774 1973 808 2007 in
825 1974 964 2008 materia
979 1973 1153 2009 haereseos
1170 1974 1243 2011 fieri
1258 1975 1354 2023 poffe
1375 1990 1414 2014 eo
1439 1991 1618 2028 tempore,
1646 1997 1717 2030 quo

109 2025 287 2072 Gregorio
305 2024 451 2058 maxime
468 2021 621 2059 infmsus
641 2032 722 2057 erat.
1106 2065 1110 2067 λ

254 2071 467 2120 Respondw,
491 2084 531 2107 ex
546 2069 644 2106 distis
661 2069 813 2106 constare
832 2069 1105 2117 quamplurimos
1126 2085 1197 2110 non
1216 2075 1321 2111 modo
1340 2076 1514 2124 injustam,
1545 2079 1599 2115 sed
1627 2093 1659 2117 et
1678 2083 1715 2117 il-

107 2124 234 2160 licitam
247 2120 440 2159 existimasse
456 2120 742 2157 exautorationem
763 2121 914 2161 Henrici,
932 2122 977 2156 ita
994 2133 1187 2170 anonymus
1204 2125 1239 2158 in
1258 2124 1400 2162 histo-ria
1411 2126 1467 2163 seu
1478 2130 1637 2175 apologia
1662 2134 1712 2168 vi-

108 2185 162 2210 tae
182 2173 331 2208 Henrici
348 2172 470 2207 relatus
486 2172 577 2206 inter
594 2182 721 2206 veteres
739 2182 854 2205 rerum
870 2170 1154 2208 Germanicarum
1171 2172 1371 2211 historicos:
1398 2190 1463 2224 qua
1482 2178 1710 2225 subreptione.

105 2223 238 2267 inquit,
263 2222 393 2267 delusus
407 2220 598 2269 apostolicus
607 2220 704 2267 fimul
720 2229 752 2256 et
769 2221 890 2255 honore
915 2220 1055 2256 creandi
1074 2224 1188 2270 regis,
1217 2235 1310 2270 quem
1334 2224 1394 2265 sibi
1412 2227 1593 2272 fallaciter
1616 2228 1726 2274 ohta-J

106 2274 219 2319 {esunt
244 2271 419 2319 impulsio,
454 2282 569 2321 regem
594 2268 702 2319 banno
730 2268 911 2309 innodavit
922 2296 947 2355 ‚I
964 2269 1112 2326 gab-solvit
1128 2283 1254 2313 omnes,
1281 2276 1340 2322 qui
1357 2273 1462 2319 fidem
1480 2278 1561 2325 regi
1571 2280 1714 2325 jurave·

938 2362 942 2363 ⁷
966 2329 1008 2365 3!
1569 2337 1666 2369 rum,
