2022 2733
297 208 801 272 mssERTATonzs
825 210 1195 253 HISTORICAE.
1228 213 1390 253 nima-r.
1414 215 1493 255 vn.
1595 223 1666 267 331'

245 304 343 342 Alter
358 302 404 340 est
420 304 642 353 Symmachus
659 304 695 340 in
715 304 948 352 apologetico:
975 305 1048 340 Nos
1064 305 1213 355 quidem,
1240 309 1353 354 inquit
1368 334 1376 350 ‚
1408 309 1582 356 potestates
1598 309 1716 344 buma-

93 363 156 390 πω
172 357 290 390 merito
302 355 516 401 suscipimus,
542 355 642 401 defer
657 354 730 391 Deo
748 358 786 391 in
803 355 917 396 nobis,
946 364 980 391 et
1002 367 1062 390 nos
1085 355 1160 392 Deo
1186 357 1376 404 deferemus
1401 362 1437 394 in
1460 367 1504 395 te.
1558 360 1715 403 Utraque

96 415 182 448 ergo
199 403 347 450 potestas
366 403 411 438 est
425 416 444 439 a
459 407 535 439 Deo
546 429 554 444 ‚
581 415 612 439 et
629 403 711 439 ficut
728 406 916 450 imperator
931 403 1129 452 potestatem
1154 405 1366 452 spiritualem
1382 410 1416 442 in
1435 406 1600 455 pontifice
1618 419 1716 442 vene·

94 463 193 488 ratur
209 465 246 488 ac
263 454 344 489 colit
361 464 533 499 tamquam
550 455 651 488 aDeo
678 452 741 499 ipfi
760 453 934 492 collatam,
963 465 1024 489 nec
1045 466 1064 490 a
1087 453 1145 490 sua
1163 456 1412 502 dependentem
1431 483 1440 499 ,
1482 459 1529 493 ita
1561 456 1715 492 sacerdos

92 501 256 548 potestati
282 514 404 548 regum
428 503 610 550 temporali
631 515 650 538 a
675 504 750 539 Deo
774 502 856 549 ipfis
881 503 1022 539 collatae
1037 527 1048 544 ,
1092 515 1124 540 et
1148 504 1190 540 ab
1211 506 1420 543 ecclefiastica
1456 519 1527 543 non
1551 506 1714 554 pendenti

94 549 264 587 sub‘estus
284 551 342 588 est.

158 564 169 598 J
244 601 436 647 Gregorius
453 600 606 644 Magnus
622 609 701 634 cum
715 596 889 645 accepisset
906 610 924 633 a
941 600 1111 636 Mauritio
1127 601 1338 647 imperatore
1355 604 1556 641 mandatum
1573 605 1614 640 de
1632 611 1714 650 pro->

94 649 279 695 mulganda
296 649 442 695 quadam
459 647 553 692 lege,
583 660 650 692 qua
666 648 812 683 vetitum
830 658 901 682 erat
911 647 1082 684 militibus
1098 651 1134 684 in
1144 651 1356 687 monasteriis
1371 654 1591 690 monasticam
1607 657 1713 690 vitam

90 698 271 745 profiteri,
297 711 370 734 eam
389 698 467 733 licet
486 696 643 743 injustam
664 696 728 732 effe
746 696 962 735 existimaret,
988 708 1022 734 et
1048 698 1201 734 ecclefiae
1224 701 1373 737 libertati
1393 705 1621 742 contrariam5
1648 705 1713 739 im.

89 749 263 794 peratoris
279 759 393 783 tamen
411 745 573 782 mandato
587 758 711 793 parens
727 746 982 793 promulgavit,
1009 749 1108 783 etiam
1126 760 1303 796 antequam
1321 751 1520 789 sententiam
1536 752 1630 790 suam
1651 755 1714 788 im-

89 798 243 844 peratori
260 795 474 843 fignificarer.
527 796 604 843 Ego
625 795 776 843 quidem,
802 796 916 840 inquit
933 795 992 832 lib.
1013 809 1044 831 2.
1064 800 1128 843 Ep.
1152 803 1208 835 62.
1230 800 1370 848 juffioni
1382 802 1555 850 subjeflm
1569 815 1635 851 per
1659 803 1715 838 di.

88 849 205 892 versas
224 856 400 883 terrarum
415 854 534 892 partes
551 847 744 890 transmitti
759 847 855 891 feci,
888 854 923 881 et
942 848 1022 893 quia
1048 847 1102 881 lex
1126 849 1197 892 ipsa
1229 853 1452 896 omnipotenti
1480 853 1554 888 Deo
1580 856 1715 889 minime

41 923 45 926 .
92 895 286 937 concordat,
314 906 380 931 ecce
392 907 456 941 per
463 894 692 943 suggestionis
710 904 800 928 meae
815 896 979 942 paginam
991 895 1206 942 J'erenrffimis
1230 897 1374 934 dominis
1397 904 1560 937 nuntiavi
1578 915 1592 947 ,-
1619 911 1714 938 utro.

90 944 190 992 hique
209 957 310 994 ergo,
337 944 426 991 quod
443 943 552 984 debui,
573 945 702 983 exolvi,
730 945 788 990 qui
807 952 841 978 et
859 946 1062 990 imperatori
1078 944 1300 982 obedientiam
1316 948 1470 994 praebui,
1497 960 1531 986 et
1543 964 1609 998 pro
1629 952 1712 989 Deo,

87 993 178 1043 quod
195 994 286 1039 sensi,
305 995 442 1028 minime
468 995 570 1028 tacui.
629 991 724 1026 idem
748 993 810 1037 Ep.
841 995 898 1035 64.
931 992 972 1027 ad
1005 993 1236 1030 Theodorum
1272 997 1444 1033 medicum
1473 1000 1713 1045 imperatoris:

92 1042 205 1078 Valde
222 1052 351 1082 autem,
379 1043 510 1087 inquit,
537 1042 620 1076 mihi
635 1041 757 1077 durum
776 1041 927 1080 videtur,
955 1051 994 1078 ut
1011 1041 1052 1078 ab
1072 1045 1144 1090 ejus
1162 1046 1312 1089 servitio
1329 1049 1452 1082 milites
1462 1050 1539 1093 suos
1551 1049 1711 1096 prohibe-

90 1101 145 1132 at,
175 1094 234 1139 qui
253 1094 286 1127 ei
305 1100 338 1127 et
355 1095 463 1126 omnia
479 1091 626 1131 tribuit,
653 1100 686 1126 et
704 1091 876 1125 dominari
893 1102 963 1126 eum
982 1104 1048 1127 non
1061 1093 1167 1135 solum
1186 1095 1368 1134 militibus,
1390 1097 1454 1141 sed
1471 1106 1505 1133 et
1521 1099 1711 1144 sacerdoti.

90 1139 150 1175 bus
169 1143 274 1187 fecit.
326 1142 374 1174 Ex
393 1140 454 1175 illo
481 1137 575 1175 fasto
598 1140 762 1185 Gregorii
787 1138 915 1174 constat
939 1140 974 1174 in
1002 1141 1158 1177 civilibus
1191 1143 1369 1181 necessario
1401 1146 1710 1193 obtemperandum

91 1188 154 1224 effe
171 1188 453 1235 imperatoribu5‚
481 1201 540 1223 nec
557 1189 650 1234 iplos
667 1189 767 1223 etiam
784 1192 957 1224 Romanos
977 1190 1153 1236 episcopos
1176 1191 1273 1238 posse
1307 1194 1494 1241 quidquam
1511 1197 1545 1231 in
1563 1197 1708 1233 illorum

90 1239 310 1284 temporalia,
339 1239 473 1283 quando
490 1238 582 1283 leges
600 1237 736 1284 injustas
753 1237 792 1271 de
810 1237 910 1274 rebus
929 1239 1087 1277 civilibus
1103 1239 1231 1280 ferunt.
1282 1246 1390 1283 Mitto
1409 1246 1575 1293 Gregorii
1591 1249 1709 1295 11‚J0-

91 1289 187 1324 annis
207 1300 239 1324 et
256 1288 404 1324 aliorum
423 1285 512 1323 dista
532 1286 686 1334 superius
702 1286 845 1323 laudata.

789 1467 816 1511 §.
845 1467 997 1506 ultimus.

379 1563 423 1602 In
450 1576 515 1613 quo
539 1562 704 1612 refellitur
730 1563 1003 1613 adversariorwm
1029 1569 1143 1618 opinio
1169 1583 1212 1609 ex
1246 1571 1407 1613 novitate.

174 1673 310 1710 ltimum
328 1683 570 1720 argumentum
587 1675 720 1718 petitur
738 1686 775 1708 ex
797 1675 946 1709 novitate
966 1677 1152 1711 contrariae
1168 1675 1366 1722 sententiae,
1394 1694 1480 1727 quae
1505 1683 1626 1730 priscis
1650 1687 1704 1722 in..

198 1725 311 1759 audita
329 1722 485 1763 saeculis,
513 1721 573 1757 ubi
589 1726 744 1768 primum
763 1724 895 1760 decimo
915 1723 1066 1759 ecclesiae
1084 1723 1214 1760 saeculo
1232 1729 1266 1762 in
1278 1729 1387 1765 lucem
1403 1733 1553 1777 prodiit,
1582 1748 1703 1772 omnen

84 1775 238 1810 novitate
256 1773 312 1809 sua
332 1772 495 1819 perculit:
523 1773 652 1818 quippe
668 1775 702 1808 in
718 1773 884 1819 religione
905 1772 990 1807 illud
1009 1786 1110 1808 omne
1125 1787 1243 1811 verum
1259 1777 1321 1818 est,
1349 1781 1440 1824 quod
1467 1784 1568 1828 prius
1595 1784 1640 1820 est
1665 1786 1705 1820 il·

86 1822 164 1864 lud,
193 1823 287 1868 quod
306 1822 347 1858 ab
363 1823 483 1863 initio;
510 1821 599 1856 illud
615 1834 696 1857 vero
715 1820 835 1858 fallam
856 1835 886 1858 et
904 1835 1102 1860 erroneum,
1132 1826 1224 1869 quod
1245 1826 1432 1871 aliquando
1448 1832 1610 1877 ignotum
1635 1832 1703 1870 fuit

86 1883 119 1908 et
137 1872 252 1920 postea
268 1872 468 1907 inventum:
497 1869 594 1905 nobis
617 1874 706 1906 enim
723 1872 807 1906 nihil
827 1885 865 1907 ex
886 1870 1002 1907 nostro
1020 1873 1160 1918 ingenio
1182 1875 1361 1922 indulgere
1387 1878 1479 1921 licet,
1507 1893 1563 1917 aut
1588 1882 1703 1928 sequi,

86 1923 182 1967 quod
197 1921 237 1956 ab
256 1921 330 1956 aliis
350 1921 456 1956 fuerit
472 1921 670 1965 inventum3
698 1921 749 1956 sed
770 1933 908 1968 oportet
925 1934 986 1957 nos
1008 1923 1047 1956 iis
1067 1935 1196 1959 tantum
1225 1924 1328 1960 fidem
1361 1928 1538 1972 adhibere,
1567 1944 1654 1976 quae
1683 1946 1702 1969 a

84 1969 224 2007 Christo
239 1970 280 2005 ab
298 1969 459 2016 apostolis
476 1969 517 2004 ad
536 1982 598 2005 nos
615 1971 720 2016 usque
742 1984 803 2017 per
819 1972 1037 2007 traditionem
1056 1984 1254 2009 manarunt:
1285 1988 1346 2011 nec
1372 1990 1452 2013 vero
1475 1980 1601 2016 necesse
1634 1980 1701 2021 est,

85 2031 124 2056 ut
142 2020 253 2066 aliqua
273 2021 392 2066 opinio
409 2019 450 2054 ad
466 2019 665 2064 religionem
683 2023 857 2067 pertinens
873 2019 956 2056 falsa
973 2021 1242 2065 demonstretur,
1270 2038 1340 2060 non
1368 2026 1429 2068 est,
1455 2029 1612 2074 inquam,
1641 2044 1699 2066 ne-

84 2069 169 2106 eeffe
186 2081 224 2106 ut
243 2068 438 2105 ostendatur
451 2071 664 2105 contrarium
684 2083 833 2114 unquam
862 2068 958 2106 fuisse
991 2072 1157 2108 creditum
1176 2099 1185 2114 ‚
1223 2075 1316 2119 quod
1351 2087 1462 2112 tamen
1497 2091 1560 2114 nos
1583 2079 1697 2116 bacin

84 2118 279 2164 quaestione
297 2118 545 2165 praestitimus,
573 2118 628 2154 sed
646 2119 787 2160 sufficit,
815 2133 852 2154 ut
871 2120 983 2164 aliqua
1000 2121 1121 2166 opinio
1144 2135 1295 2159 recenter
1322 2137 1397 2161 nata
1426 2127 1697 2173 demonstretur3

82 2167 150 2203 hoc
169 2170 261 2204 enim
280 2168 412 2214 posito,
440 2167 591 2213 sequitur
609 2169 736 2205 nullam
755 2171 784 2205 ei
804 2168 904 2206 fidem
923 2169 1148 2206 adhibendam
1176 2172 1256 2214 effe,
1285 2187 1362 2209 nam
1387 2174 1488 2212 fidem
1516 2178 1575 2214 soli
1603 2178 1699 2214 debe-

82 2229 161 2252 mus
180 2216 355 2253 desti-inae
372 2231 390 2253 a
408 2217 543 2253 Christo
561 2230 592 2253 et
607 2219 767 2265 apostolis
786 2220 939 2256 traditae,
969 2218 1009 2253 de
1027 2231 1090 2264 qua
1109 2221 1232 2257 constat
1248 2235 1309 2269 per
1326 2223 1526 2271 scripturam
1551 2239 1607 2261 aut
1629 2239 1697 2263 tra-

80 2266 266 2304 ditionem:
291 2279 368 2306 cum
385 2280 468 2316 ergo
484 2267 616 2314 aliquid
636 2268 791 2309 docetur,
819 2270 912 2356 quaed
920 2281 1045 2353 bneque
1066 2281 1104 2305 ex
1119 2271 1286 2321 scriptura
1293 2298 1303 2317 ,
1332 2286 1442 2321 neque
1460 2288 1497 2313 ex
1515 2276 1698 2314 traditione

828 2321 856 2355 B
970 2328 989 2363 3
1377 2356 1381 2357 γ
1484 2333 1489 2337 ’
1564 2337 1646 2373 pro-
