1982 2739
317 228 387 269 ,75
589 223 661 258 ΒΕ
688 214 974 262 ANTIQUA
999 212 1287 250 reetnstffi
1311 212 1681 251 DISCIPLINA,-

269 325 437 368 ,vrcgatffi
457 305 549 361 justia
568 310 737 369 princip&
757 309 942 355 offensaque
957 304 1126 354 pontificis
1144 307 1290 351 recusari
1319 315 1382 339 non
1406 313 1552 350 poterat.
1615 302 1724 341 Restat
1749 303 1854 350 igitur
1871 326 1881 341 ι

266 348 310 405 εὖτ
328 378 407 403 tunc
423 365 576 411 primum
594 370 774 406 potuerint
791 357 936 392 recusari
953 355 1134 392 Dioscorus
1150 355 1288 403 ejusque
1307 352 1454 401 synodus
1466 379 1474 394 ‚
1503 355 1638 399 quando
1659 355 1716 389 1112
1736 353 1793 388 fibi
1805 365 1880 388 om„

271 422 325 455 nia
344 415 534 452 vindicans,
559 412 773 445 innocentem
792 407 991 443 Flavianum
1012 405 1138 440 nullius
1156 406 1328 443 criminis,
1357 414 1412 438 aut
1428 405 1552 439 erroris
1571 402 1766 440 c011xri&u1n
1789 403 1884 438 dam.

270 481 351 504 nare
366 462 537 512 aggressus
555 459 614 495 est:
642 470 678 493 ac
696 457 845 504 proinde
860 456 1042 490 Flavianus
1060 455 1187 501 potuit,
1217 466 1289 489 tum
1316 454 1484 498 temporis
1503 453 1670 501 judicium
1692 454 1763 500 ejus
1789 464 1882 487 recu·
1917 466 1921 468 “
1979 467 1982 470 <

272 518 354 554 sare.
408 517 540 548 Verum
558 509 658 556 hujus
693 506 815 554 synodi
845 504 998 551 episcopi
1027 504 1118 539 nulla
1145 502 1362 539 recusationis
1385 501 1498 541 istius,
1526 504 1619 538 nulla
1637 501 1880 538 intercessionis

268 569 463 615 legatorum
480 560 604 596 Leonis
624 558 754 593 ratione
772 555 884 590 habita
898 581 906 595 ‚
935 555 1136 590 Flavianum
1153 553 1406 588 damnaverunt.

421 616 453 648 Is
471 621 597 648 autem,
626 619 733 651 quum
752 604 838 639 nihil
854 604 1023 649 reliquum
1042 602 1102 638 sibi
1127 603 1273 642 videret,
1308 601 1461 636 libellum
1490 601 1606 648 legatis
1634 601 1760 637 Leonis
1787 599 1882 635 dedit

270 661 527 712 adpellationis,
557 668 593 692 ut
611 655 745 692 testatur
763 653 835 701 ipse
852 657 933 689 Leo.
986 655 1063 688 Hac
1081 652 1120 687 de
1139 664 1174 687 re
1190 653 1398 689 conveniunt
1415 663 1550 694 omnes,
1579 650 1633 688 sed
1644 651 1832 700 quaeritur,
1843 648 1885 685 ad

273 727 373 763 quem
396 711 543 760 judicem
559 708 637 742 haec
655 705 832 752 adpellatio
851 702 1049 749 interpofita
1065 700 1181 739 fuerit.

369 760 593 798 Bellarminus
603 781 612 794 ‚
630 755 794 791 Davidius
805 779 813 794 ,
825 752 1036 787 Christianus
1049 755 1170 797 Lupus
1182 778 1190 793 ,
1208 751 1319 792 etalii,
1330 749 1621 786 contendunteam
1635 747 1694 785 else
1706 745 1886 795 interpoli-

270 827 336 851 tam
357 813 398 848 ad
418 809 530 856 ipsum
548 811 709 843 Leonem.
763 806 891 837 Verum
911 802 974 836 hos
995 800 1055 836 suo
1075 801 1202 836 lilentio
1223 801 1297 835 satis
1319 801 1462 834 revincit
1479 797 1608 834 sancius
1626 802 1722 836 Leo‚·
1750 811 1826 834 nam
1844 798 1885 832 li-

271 877 320 900 cet
340 862 395 898 ille
410 859 513 894 fuerit
532 855 726 891 autoritatis
744 851 821 886 suae
839 849 1128 885 commendandae
1143 848 1332 888 studiosus,
1361 849 1436 882 licet
1452 861 1520 883 non
1541 848 1639 883 semel
1661 849 1748 884 dicat
1773 848 1887 894 adpel.

274 914 438 949 lationem
457 904 709 951 interpositam,
736 911 911 944 nunquam
931 898 1009 933 dicit
1028 910 1099 933 eam
1116 897 1160 932 ad
1177 897 1208 932 se
1227 896 1471 943 interpositam.
1523 900 1599 932 Nec
1615 898 1684 942 ipse
1699 909 1771 932 eam
1782 898 1889 932 admi.

272 963 331 1002 fit,
359 971 415 995 aut
442 957 512 1004 ejus
539 951 735 1001 judicandae
760 947 961 995 potestatem
982 946 1044 982 fibi
1068 948 1278 992 arro-gavit}
1305 947 1387 992 quin
1417 947 1490 981 imo
1514 944 1731 982 neceffitatem
1766 944 1890 994 synodi

298 1008 437 1045 eneralis
455 1001 688 1040 convocnndae
704 999 842 1034 deduxit
863 1010 900 1032 ex
917 997 1141 1043 adpellatione
1158 996 1327 1033 Flaviani,
1355 994 1396 1031 fic
1408 1008 1445 1030 ex
1464 994 1604 1041 epistola
1624 1007 1692 1040 39.,
1711 1005 1749 1032 ut
1765 999 1844 1044 quia
1854 1005 1888 1032 et

275 1059 397 1106 nostri,
428 1054 556 1099 inquit,
576 1051 739 1095 fideliter
755 1050 1002 1087 reclamarunt,
1031 1055 1064 1081 et
1081 1045 1204 1091 eisdem
1221 1044 1366 1081 libellum
1383 1047 1624 1093 appellationis
1640 1046 1825 1081 Flavianus
1834 1044 1890 1080 de.

272 1110 326 1145 dit
345 1105 539 1156 generalem
547 1100 711 1151 synodum
716 1097 875 1148 jubeatis
894 1099 989 1132 intra
1005 1096 1141 1132 Italiam
1160 1094 1323 1130 celebrari
1349 1122 1357 1130 .
1387 1122 1395 1130 .
1421 1123 1429 1130 .
1457 1124 1464 1131 .
1490 1094 1889 1143 convenientibusutique

270 1156 485 1194 orientalium
508 1153 763 1199 provinciarum
788 1147 970 1195 episcopis3
997 1156 1027 1180 et
1043 1143 1184 1191 epistola
1208 1156 1267 1187 40.
1305 1144 1442 1185 Omnes,
1476 1144 1588 1192 inquit
1612 1147 1702 1184 Leo,
1735 1147 1889 1191 partium

270 1207 455 1254 nostrarum
472 1201 631 1248 ecclesiae,
659 1209 762 1233 omnes
782 1194 1034 1240 manfiaetudini
1052 1195 1180 1240 vestrae
1197 1207 1265 1229 cum
1280 1193 1460 1241 gemitibus
1481 1203 1514 1228 et
1540 1194 1687 1228 lacrimis
1697 1194 1889 1239 supplicant

292 1253 478 1290 acer-dotes,
504 1258 543 1283 ut
561 1251 640 1295 quia
665 1255 698 1281 et
724 1245 830 1290 nostri
847 1243 1006 1285 fideliter
1031 1245 1277 1280 reclamarunt,
1314 1251 1374 1276 etc.
1402 1252 1438 1275 ut
1468 1242 1580 1286 supra.
1644 1241 1738 1286 Quid
1762 1239 1888 1276 necefl‘e

271 1301 386 1340 fuilset
404 1297 574 1346 synodum
599 1305 713 1340 petere
733 1293 777 1326 ob
797 1290 1057 1336 adpellationem
1073 1289 1243 1327 Flaviani,
1270 1288 1294 1323 fi
1311 1289 1448 1334 quidem
1464 1289 1520 1324 illa
1541 1301 1610 1324 non
1629 1290 1670 1325 ad
1697 1289 1887 1338 synodum,

273 1351 329 1388 sed
348 1350 390 1385 ad
408 1353 556 1383 Leonem
577 1340 771 1388 interposita
787 1337 907 1375 fuisset.

422 1395 583 1442 Opponit
597 1393 715 1441 primo
737 1388 951 1426 Christianus
974 1389 1096 1433 Lupus
1119 1387 1204 1422 haec
1230 1387 1354 1421 Leonis
1382 1385 1484 1422 verba
1503 1360 1649 1436 Quam
1681 1396 1790 1424 autem
1815 1389 1886 1436 post

273 1449 532 1497 adpellationem
541 1440 770 1488 interpositam
786 1437 966 1481 neceffario
986 1436 1022 1469 id
1032 1436 1241 1481 postuletur,
1259 1448 1415 1470 canonum
1441 1437 1587 1472 Nicaeae
1613 1436 1805 1473 habitorum
1832 1446 1885 1473 te.

271 1500 408 1547 stantur
427 1495 573 1530 decreta.
627 1488 824 1532 Intelligens
849 1486 901 1520 his
925 1483 1038 1518 verbis
1065 1483 1275 1518 Sardicenses
1302 1495 1466 1525 canones,
1501 1498 1651 1530 quorum
1677 1499 1783 1522 unum
1813 1486 1886 1523 sub·

275 1545 379 1582 neRit
397 1542 553 1590 epistolae
568 1539 670 1580 suae3
695 1535 770 1577 scd,
796 1535 909 1580 inquit
922 1532 1134 1569 Christianus
1152 1535 1288 1579 Lupus,
1313 1544 1456 1568 canones
1480 1534 1692 1571 Sardicenses
1714 1535 1888 1573 stabilium

274 1594 480 1642 adpellation
487 1604 519 1626 es
530 1589 569 1624 ad
582 1591 773 1623 Romanum
783 1583 987 1631 pontificem.

425 1637 650 1687 Respondeo,
675 1634 869 1671 sententiam
894 1633 982 1678 Lupi
1007 1631 1059 1667 his
1078 1631 1194 1668 verbis
1213 1631 1379 1678 jugulari,
1418 1642 1550 1667 necnon
1576 1632 1718 1679 probari
1743 1645 1887 1670 canones

279 1690 491 1732 Sardioenses
510 1697 691 1736 perperam
709 1684 750 1720 ab
770 1682 844 1730 ipso
861 1682 1020 1726 intelligi.
1076 1681 1171 1726 Quid
1190 1682 1279 1715 enim
1301 1693 1338 1714 ex
1355 1681 1407 1715 his
1426 1681 1598 1717 concludit
1617 1680 1718 1721 Leo‚'
1739 1683 1801 1719 fibi
1824 1684 1889 1721 soli

276 1742 475 1792 potestatem
499 1736 561 1773 else
579 1732 786 1771 retrastandi
802 1735 931 1768 Romae
947 1730 1095 1777 judicii?
1146 1730 1210 1766 Nil
1224 1729 1355 1771 minus,
1383 1742 1490 1765 unum
1507 1731 1573 1767 hoc
1597 1731 1701 1769 infert
1725 1732 1803 1780 post
1829 1733 1888 1770 ad.

278 1793 495 1840 pellationem
513 1785 666 1822 Flaviani
683 1782 934 1818 convocandam
951 1778 1011 1814 esse
1033 1778 1213 1827 synodum.

427 1843 471 1874 At
497 1837 657 1881 inquies,
707 1834 741 1867 in
766 1829 951 1867 canonibus
977 1827 1224 1864 sardicensibus
1249 1827 1378 1863 nullius
1403 1828 1640 1875 adpellationis
1667 1828 1705 1866 fit
1731 1832 1886 1872 mentio'.

277 1899 514 1938 praeterquam
535 1884 577 1922 ad
599 1887 794 1921 Romanum
815 1877 1035 1929 pontificem:
1073 1890 1155 1926 ergo
1173 1879 1204 1915 S.
1229 1880 1299 1914 Leo
1321 1876 1417 1914 senfit
1438 1878 1638 1916 Flavianum
1659 1879 1701 1916 ad
1719 1879 1750 1916 se
1768 1881 1888 1929 adpel-

276 1939 364 1977 lasse.

429 1983 650 2032 Respondeo,
676 1982 830 2016 Leonem
848 1991 918 2015 non
944 1978 1112 2014 adducere
1127 1974 1330 2014 Sardicenses
1347 1988 1510 2016 canones,
1536 1990 1574 2014 vt
1589 1979 1715 2026 probet
1736 1979 1887 2028 appella-

279 2040 410 2075 tionem
435 2035 583 2069 Flaviani
603 2031 788 2076 legitimam
809 2026 889 2066 effe,
917 2026 971 2063 scd
987 2040 1024 2064 ut
1043 2027 1189 2064 ostendat
1202 2025 1278 2072 post
1294 2027 1552 2072 appellationem
1572 2029 1642 2075 ejus
1669 2027 1887 2066 necessariam

280 2087 341 2124 etse
361 2084 543 2134 synodum.
597 2082 677 2115 Hoc
695 2089 807 2112 autem
826 2078 957 2123 optime
977 2091 1014 2112 ex
1031 2074 1276 2114 Sardicenfibus
1304 2075 1488 2111 canonibus
1514 2078 1705 2124 colligitur,
1741 2080 1802 2123 qui
1828 2079 1884 2126 ju.

281 2138 361 2172 bent
381 2137 415 2170 in
434 2132 507 2172 casu
522 2129 757 2177 adpellationis
776 2125 850 2161 fieri
868 2137 994 2162 novam
1012 2126 1198 2174 synodum,
1225 2136 1256 2160 et
1274 2125 1389 2160 iterari
1411 2124 1587 2172 judicium.
1649 2130 1724 2162 Hac
1749 2138 1884 2164 tantum

282 2188 324 2222 de
343 2183 436 2220 causa
454 2179 662 2218 Sardicenses
678 2189 820 2213 canones
837 2175 969 2222 allegat.
1021 2177 1114 2212 Hinc
1132 2175 1165 2210 in
1185 2187 1224 2209 eo
1251 2186 1398 2216 canone,
1436 2176 1496 2219 qui
1530 2188 1649 2222 graece
1675 2174 1821 2212 refertur
1845 2177 1885 2212 in

284 2235 386 2281 hujus
405 2230 560 2278 epistola,
589 2229 715 2274 quique
737 2226 872 2261 videtur
892 2224 954 2261 esse
973 2236 1109 2270 quartus
1128 2222 1345 2262 Sardicenfis‚
1373 2235 1441 2259 non
1459 2223 1496 2259 fit
1514 2228 1643 2260 mentia
1657 2226 1885 2274 Romaniepi.

280 2283 394 2333 scopi,
423 2281 479 2332 scd
498 2290 626 2330 tantum
644 2277 725 2314 novi
741 2275 861 2325 judicii
877 2275 1143 2325 redintegrandi,
1172 2285 1281 2322 quum
1297 2272 1475 2323 episcopus
1493 2273 1664 2323 depofims
1677 2273 1781 2313 fuel-15
1801 2285 1885 2317 0012,-

1740 2320 1835 2372 {esth
