2023 2760
442 214 951 251 DlSSERTATIONx-:S
990 211 1360 256 HisToRiCAt.
1642 234 1687 268 ετ

113 301 279 350 supponit
298 305 503 349 Gregorius,
523 304 722 349 dignitatem
740 303 907 349 primatus
926 305 965 340 ab
984 306 1245 343 antecessoribus
1268 308 1334 342 suis
1347 308 1562 354 Lugdunensi
1585 311 1735 347 eeclesiae

114 353 298 389 concessam
316 351 436 390 fuisse.
464 353 560 399 quod
578 365 687 388 tamen
705 352 848 399 probari
875 355 1014 391 minime
1039 369 1183 403 porerat.
1238 358 1387 393 Nullum
1415 360 1545 405 quippe
1571 373 1657 395 exa-at
1684 375 1740 395 an·

113 403 242 448 tiquius
260 402 322 439 isto
339 404 372 438 in
389 405 535 449 gratiam
556 400 790 449 Lugdunenfis
805 403 959 440 antistitis
989 409 1223 442 Romanorum
1244 406 1452 454 pontificum
1483 409 1655 446 decretum
1670 437 1677 451 ,
1707 423 1738 446 et

113 452 137 486 fi
163 453 255 500 quod
277 452 449 493 extitisset,
477 453 568 488 haud
591 452 694 488 dubie
719 451 814 487 illius
844 453 991 499 expresse
1006 458 1219 492 mentionem
1238 455 1387 492 fecissent
1404 458 1582 494 Gebuinus
1605 473 1634 494 et
1654 461 1740 495 Gre-

115 504 246 548 goriuS.
263 532 266 536 .
285 506 403 547 Itaque
421 502 500 537 haec
520 502 622 548 liujus
642 500 837 536 constitut-io
854 502 993 539 duobus
1016 504 1253 541 fundamentis
1271 507 1411 544 nititur,
1439 520 1586 552 quorum
1607 522 1737 544 utrum-

115 563 183 596 que
199 564 324 598 parum
342 552 442 588 habet
457 551 630 587 firmitatis
649 563 687 586 ac
703 550 850 587 roboris„
903 555 1084 599 Quidquid
1103 554 1152 596 fit,
1173 554 1229 590 illa
1246 557 1338 590 varie
1355 568 1374 589 a
1391 557 1498 592 Gallis
1518 571 1654 605 excepta
1675 558 1731 594 est¹

113 602 318 648 Rodulphus
330 601 543 637 Turonensis
564 599 840 646 archiepiscopus
862 614 934 636 eam
955 605 1131 650 amplexus
1150 603 1212 639 est:
1241 605 1420 639 Richerius
1436 619 1518 641 vero
1535 608 1734 643 Senonenfis

114 651 277 698 injuriam
307 651 402 686 istam
428 648 520 686 ferre
541 651 687 685 minime
709 651 842 696 potuit,
872 652 1153 699 Rothomagenfis
1171 655 1249 688 item
1271 654 1403 689 decreto
1421 655 1594 701 pontificis
1615 671 1734 703 parere

115 701 244 738 noluit,
274 713 338 746 qua
364 701 404 735 de
422 700 517 736 causa
529 700 691 735 Urbanus
709 703 753 735 Π.
773 700 921 736 concilio
938 702 1208 739 Claromontano
1225 705 1305 738 anni
1330 717 1435 748 1095.
1455 705 1614 741 Richerio
1628 710 1733 742 Seno.

113 749 225 788 nenfi,
253 750 398 785 concilio
417 749 539 790 adesse,
566 749 824 795 etLugdunensi
840 750 1008 798 episcopo
1023 765 1145 799 parere
1162 756 1323 789 renuenti
1338 756 1441 801 pallii
1455 757 1544 800 usum
1562 767 1594 791 et
1607 757 1735 802 suffra-

108 811 294 848 ganeorum
320 799 542 835 obedientiam
566 800 772 835 interdixit.-
800 800 1024 847 eamdemque
1047 805 1082 837 in
1102 803 1409 848 Rhotomagensem
1430 803 1623 840 sententiam
1645 805 1733 849 tulit,

112 848 172 883 nisi
197 850 286 884 intra
308 861 374 884 tres
396 848 527 884 menses
555 846 802 896 subjefflonem
820 849 1054 896 polliceretur.
1105 853 1147 887 Id
1167 853 1340 888 decretum
1357 864 1444 889 extat
1455 860 1543 889 ⁴tom.
1562 868 1656 890 conc.
1676 867 1732 893 ιο.

111 898 174 933 col.
198 911 278 943 517.
298 911 330 934 et
350 905 429 943 5118.
445 912 463 933 a
480 901 599 934 Marca
617 899 771 944 primum
792 899 934 936 editum.
999 902 1175 937 Richerius
1193 902 1421 937 nihi-lominus
1441 917 1458 937 a
1476 905 1653 950 proposito
1674 906 1732 940 de-

111 950 232 983 terreri
254 950 398 983 minime
418 949 546 995 potuit,
573 947 630 983 sed
645 948 720 994 ejus
736 947 898 984 ‘successor
913 951 1133 987 Daimberms
1154 951 1373 998 Lugdunenfi
1390 952 1551 1000 episcopo
1568 954 1731 989 obedien-

113 998 193 1032 tiam
213 997 386 1044 pollicitus
412 998 474 1038 est,
500 1010 540 1032 ut
568 1009 681 1032 narrat
699 998 862 1032 Urbanus
888 1011 945 1044 ep.
963 1000 1004 1034 ad
1027 1003 1216 1045 Hugonem
1229 1027 1237 1041 ,
1265 1014 1350 1046 quae
1367 1001 1452 1036 edita
1471 1003 1518 1037 est
1534 1017 1552 1038 a
1572 1007 1672 1039 Petro
1691 1004 1732 1040 de

111 1049 232 1082 Mart-a
259 1049 294 1081 in
320 1046 550 1081 dissertatione
576 1047 617 1081 ad
633 1058 728 1082 conc.
748 1046 956 1083 Claramout.
981 1060 1013 1082 et
1029 1049 1152 1084 inserta
1168 1051 1273 1085 tomis
1290 1051 1518 1086 conciliorum
1538 1053 1606 1087 vid.
1628 1064 1649 1087 t.
1674 1066 1727 1089 ιο,

110 1096 172 1131 col.
195 1099 275 1139 565.
330 1093 446 1130 Postea
462 1107 575 1129 tamen
590 1093 786 1129 Senonenfis
803 1093 937 1129 antistes
955 1097 1175 1142 Lugdunenfi
1191 1111 1314 1143 parere
1332 1099 1481 1145 respuit,
1510 1113 1547 1136 ut
1566 1100 1730 1147 colligere

111 1143 158 1180 est
173 1157 212 1179 ex
229 1143 369 1190 epistola
387 1144 575 1179 Humberti
591 1143 846 1189 Lugdunensis,
875 1156 978 1191 quam
997 1146 1116 1182 eodem
1130 1148 1165 1181 in
1183 1148 1258 1182 loco
1274 1149 1352 1183 citat
1375 1151 1494 1184 Petrus
1511 1149 1552 1184 de
1569 1153 1702 1187 Marcu.

212 1196 323 1227 Porro
350 1192 385 1231 fi,
412 1205 501 1237 quae
523 1191 651 1226 fuerint
672 1193 807 1225 vicariis
826 1203 883 1225 aut
900 1195 1106 1237 prImatibus
1127 1195 1271 1230 concessa
1285 1209 1305 1230 a
1322 1200 1484 1232 Romanis
1503 1199 1728 1244 pontificibus

108 1242 185 1290 jura
205 1241 296 1275 nosse
313 1241 414 1281 velis,
441 1239 574 1286 praesto
600 1238 677 1274 sunt
694 1239 786 1284 ipsae
802 1239 1006 1283 pontificum
1026 1241 1166 1282 litterae,
1187 1255 1272 1287 quae
1290 1245 1325 1278 id
1343 1255 1376 1278 te
1393 1246 1489 1280 nullo
1512 1250 1651 1292 negotio
1667 1250 1738 1290 do·‚

111 1290 244 1326 cebunt.
297 1289 386 1324 lllud
409 1300 525 1324 autem
548 1287 700 1323 advertas
719 1287 821 1322 velim
839 1287 920 1322 haec
937 1288 1072 1335 semper
1088 1302 1245 1337 tempore
1260 1291 1407 1327 crevisse.
1461 1296 1618 1332 Primum
1633 1300 1728 1334 enim

109 1341 272 1376 Zozimus
290 1337 480 1374 'Arelatensi
506 1335 666 1384 episcopo
691 1336 776 1372 nihil
800 1337 894 1372 aliud
916 1338 1000 1385 juris
1025 1352 1091 1385 pro
1110 1339 1272 1375 vicariatu
1287 1342 1453 1383 contulit,
1478 1343 1539 1378 nili
1555 1357 1593 1380 ut
1609 1359 1728 1382 omnes

110 1389 223 1426 clerici
239 1391 384 1424 Romam
399 1400 459 1423 aut
474 1387 516 1423 ad
532 1388 613 1422 alias
629 1387 788 1433 regiones
807 1399 877 1422 non
894 1389 984 1423 irent
1000 1388 1068 1424 sine
1081 1388 1242 1425 formatis
1261 1390 1333 1437 ejus
1350 1391 1480 1426 litteris.
1535 1395 1640 1439 Quod
1652 1398 1730 1441 qui.

111 1440 189 1474 dem
206 1437 429 1486 privilegium
443 1438 476 1473 ei
492 1437 703 1474 conceditur,
721 1448 760 1471 ut
776 1435 917 1480 aliquod
935 1438 1177 1474 documentum
1193 1438 1422 1476 formatarum
1439 1453 1534 1483 extet,
1560 1456 1632 1491 quo
1649 1457 1730 1481 con-

110 1486 216 1524 futari
230 1485 365 1534 possent
381 1489 417 1529 ii,
439 1488 498 1533 qui
515 1484 767 1522 ecclesiasticum
787 1487 933 1530 gradum
948 1486 1033 1523 falso
1053 1487 1263 1525 simularent.
1293 1492 1426 1526 Utrum
1443 1502 1556 1527 autem
1576 1506 1726 1539 aequum

109 1535 213 1574 fuerit
238 1539 383 1573 Zozimo
408 1537 516 1583 legem
545 1534 638 1570 istam
665 1534 777 1569 Gallis
803 1535 1005 1580 imponere,
1031 1550 1117 1583 quae
1134 1539 1170 1573 in
1190 1540 1329 1574 caeteris
1347 1540 1547 1586 regionibus
1566 1556 1633 1577 non
1655 1555 1727 1580 erat

109 1589 145 1622 in
163 1587 238 1626 usu,
263 1598 295 1622 et
310 1598 427 1622 utrum
444 1584 561 1632 postea
578 1584 692 1619 locum
708 1583 869 1618 habuerit
886 1584 941 1620 hic
961 1586 1136 1632 inquirere
1153 1588 1248 1624 nolo.
1300 1593 1346 1624 At
1362 1591 1585 1638 Symmachus
1602 1592 1724 1630 tribuit

109 1638 139 1671 ei
158 1636 356 1683 potestatem
375 1635 507 1671 concilii
524 1647 567 1669 ex
585 1633 717 1669 Galliae
735 1645 768 1668 et
785 1632 974 1679 Hispaniae
992 1636 1170 1683 episcopis,
1183 1637 1209 1672 fi
1227 1637 1324 1674 causa
1344 1640 1521 1685 religionis
1538 1642 1723 1685 emerserit,

107 1685 350 1732 congregandi.
403 1685 500 1720 Pallii
525 1684 695 1719 honorem
718 1683 849 1718 addidit
870 1684 1022 1728 vigilius
1042 1686 1140 1732 epist.
1170 1692 1203 1722 6.
1224 1700 1257 1723 et
1280 1687 1374 1735 epist.
1394 1701 1425 1734 7.
1478 1688 1550 1725 Ubi
1569 1704 1650 1728 vero
1668 1693 1724 1740 jus

106 1734 341 1781 congregandi
357 1734 493 1769 concilii
513 1732 712 1773 confirmat,
742 1733 783 1767 de
803 1732 926 1768 Galliis
950 1745 1085 1770 tantum
1100 1736 1258 1782 loquitur
1271 1750 1342 1773 non
1360 1738 1400 1773 de
1420 1737 1607 1786 Hispania,
1637 1754 1668 1777 et
1687 1755 1725 1779 ea

107 1785 186 1830 lege
211 1784 296 1819 illud
317 1783 489 1831 concedit,
514 1794 554 1818 ut
577 1782 602 1817 fi
627 1795 693 1827 qua
711 1780 749 1817 sit
764 1784 902 1828 gravior
915 1782 1022 1822 causa,
1035 1797 1120 1830 quae
1134 1789 1312 1823 terminari
1329 1788 1475 1824 minime
1491 1789 1595 1836 poffit
1607 1804 1628 1827 a
1645 1804 1724 1828 con.

107 1834 203 1876 eilio,
230 1832 273 1868 ad
292 1831 405 1868 sedem
424 1833 495 1881 ejus
515 1830 735 1879 apostolicam
757 1832 875 1867 relatio
894 1831 963 1868 fiat⁰

233 1903 236 1906 ·
258 1882 415 1929 Pelagius
431 1893 544 1918 autem
562 1880 750 1928 generalius
766 1881 952 1917 Arelatensi
970 1882 1140 1929 episcopo
1164 1887 1339 1928 concedit,
1364 1898 1404 1922 ut
1433 1888 1475 1923 ad
1493 1887 1597 1924 instar
1622 1889 1723 1927 suunt

107 1935 146 1970 in
165 1929 355 1970 Galliarum
370 1931 528 1979 partibus
540 1934 651 1979 primi
669 1931 851 1976 sacerdotis
864 1932 970 1967 locum
996 1932 1147 1969 obtineat
1159 1960 1167 1975 ,
1194 1944 1235 1970 εἰ
1253 1937 1421 1983 quidquid
1436 1938 1484 1973 ad
1498 1938 1724 1987 gubernatio-

108 1995 181 2019 nem
197 1983 254 2017 vel
272 1981 560 2028 dispensationem·
573 1981 774 2028 ecclefiastici
789 1981 896 2028 status
912 1982 1100 2029 gerendum
1115 1984 1179 2031 est,
1194 1986 1349 2030 servatis
1370 1996 1508 2032 patrum
1530 1990 1662 2037 >regulis
1689 1998 1724 2025 et·

106 2031 196 2078 [edis
213 2031 405 2079 apostolicae
420 2031 608 2078 constitutis
617 2033 744 2078 faciat.
788 2033 961 2065 Praeterea
975 2031 1120 2078 pallium
1138 2033 1189 2068 illi
1204 2036 1366 2070 concedit·
1376 2046 1412 2070 et
1425 2048 1568 2073 renovat
1583 2039 1722 2073 Zozimi

109 2081 152 2116 de
170 2078 328 2116 formatis
347 2079 532 2116 decretum.
585 2082 745 2126 Denique
761 2081 956 2126 Gregorius
972 2080 1093 2117 omissa
1107 2081 1335 2119 formatarum
1354 2084 1540 2123 dandarum
1559 2086 1723 2135 potestate

109 2129 242 2175 Vigilio
260 2129 444 2165 Arelatensi
467 2130 648 2165 vicariatus
674 2131 709 2164 in
734 2142 845 2176 regno
859 2129 1092 2174 tehilde'berm
1138 2132 1213 2180 Jura
1238 2134 1278 2169 ad
1303 2135 1366 2170 tria
1391 2147 1534 2172 revocat.
1617 2150 1646 2172 1.
1670 2139 1722 2172 Ut

110 2177 216 2216 fidem
233 2191 446 2225 canonesque
462 2179 587 2215 servari
607 2181 641 2215 in
661 2192 705 2216 eo
717 2191 894 2226 procuret.
972 2193 1006 2216 2.
1036 2184 1086 2217 Ut
1105 2181 1288 2230 synodum,
1315 2183 1339 2219 fi
1357 2183 1395 2220 fit
1411 2197 1520 2232 opus,
1545 2197 1721 2224 convocet,

115 2238 147 2274 3.
158 2231 209 2268 Ut
225 2229 267 2266 de
283 2229 522 2270 controversiis
538 2227 619 2267 fidei
636 2241 669 2268 et
689 2230 793 2268 rebus
809 2230 995 2280 majoribus
1007 2231 1054 2268 2ad
1070 2231 1182 2271 sedem
1201 2231 1420 2283 apostolicam
1434 2235 1569 2274 referat,

906 2331 989 2366 ,Da
1585 2337 1670 2374 Mo·
