1982 2739
327 229 399 270 '⁴¹52
523 222 598 259 DE
649 218 924 264 ANTIQVA
972 203 1254 255 ECC'LESIAE
1296 216 1636 255 DISCIPMNA'

277 312 411 348 debant.
462 310 529 347 Sed
551 324 627 352 cur,
662 310 773 355 inquit
796 311 935 355 Lupus,
969 307 1180 356 Augustinus
1204 306 1360 352 observat
1386 309 1610 343 Caecilianum
1635 318 1779 356 magnae
1796 307 1889 353 sedit

276 362 460 409 antittstem
482 361 610 408 fuiffe,
639 372 722 409 quae
738 362 954 394 autoritatem
972 358 1119 394 haberet.
1170 355 1381 402 Respondeo‚
1394 357 1574 402 Augustini
1591 356 1653 392 effe
1669 357 1822 404 scopum,
1851 368 1889 393 ut

278 412 353 461 jam
371 410 562 451 observavi,
592 407 768 444 ostendere
783 408 975 443 Secundum
993 406 1221 453 Tigisstanum
1240 406 1476 452 imprudenter
1497 407 1639 441 omnino
1662 407 1890 442 Caecilianum

278 459 457 501 damnasse,
469 459 634 508 quiaejus
657 459 829 494 damnatio
847 458 926 504 plus
946 457 1088 491 allatura
1105 468 1173 492 erat
1190 455 1280 495 mali,
1295 467 1396 500 quam
1420 455 1518 497 boni;
1546 468 1623 490 cum
1641 456 1696 490 ille
1718 454 1793 490 esset
1811 455 1889 503 ejus

278 510 365 546 ledis
384 510 582 557 episcopuS,
612 521 697 553 quae
713 509 925 542 autoritatem
943 506 1096 546 haberet,
1125 517 1278 551 quaeque
1297 506 1532 539 transmarinis
1551 503 1628 539 esset
1653 506 1762 539 vicina
1789 505 1891 540 eccle-

277 560 352 595 fiis:
381 572 413 595 et
430 560 508 595 ideo
528 557 636 605 posset
654 557 786 592 facilius
805 555 868 591 sese
886 558 974 591 tueri
992 556 1127 590 illarum
1144 567 1180 590 ac
1198 553 1394 600 praesertim
1414 557 1583 589 Romanae
1600 555 1726 589 auxilio
1747 565 1778 589 et
1797 566 1890 590 com-

278 610 454 645 munione.
505 611 601 644 Nam
620 606 644 641 fi
667 606 850 641 mediocris
869 605 1048 654 cujusdam
1069 616 1101 639 et
1122 604 1283 650 ignobilis
1310 602 1422 639 fuilset
1446 603 1588 638 civitatis
1611 602 1814 650 episcopus,
1842 605 1892 639 ni·

278 659 330 695 hil
346 657 492 705 periculi
518 667 604 698 erat,
631 669 673 691 ne
690 656 1010 691 communicatorias
1031 654 1156 689 litteras
1182 653 1322 688 haberet
1340 667 1357 688 a
1377 654 1622 693 transmarinis,
1635 665 1719 699 quae
1742 652 1893 690 solebant

279 708 322 744 nd
348 710 509 755 primates
536 718 567 742 et
589 706 792 753 praecipuos
817 703 995 752 episcopos
1015 702 1219 750 praesertim
1247 703 1369 749 dirigi,
1405 714 1438 737 at
1463 704 1542 748 quia
1561 705 1752 752 Carthago,
1789 704 1892 738 verba

279 757 359 793 sunt
378 755 575 804 Augustini,
598 755 700 803 eujus
718 754 928 790 Caecilianus
949 765 1019 789 erat
1038 754 1230 799 epiicopuS,
1259 762 1334 788 erat
1350 755 1462 788 vicina
1485 756 1724 788 transmarinis
1742 755 1894 801 regioni-

280 807 355 848 bus,
384 816 417 843 et
438 810 534 853 fama
551 804 764 840 celeberrima
789 803 929 844 nobilis,
964 816 1031 838 non
1054 803 1228 837 mediocris
1255 805 1370 849 utique
1395 804 1592 837 autoritatis
1616 801 1757 837 habebat
1776 803 1895 848 episco-

279 869 376 904 pum,
403 860 462 904 qui
485 855 590 902 pqffl’t
608 866 674 889 non
694 865 814 887 curare
832 854 1076 899 conspirantem
1094 851 1339 886 multitudinem
1358 854 1583 891 inimicorum,
1612 863 1682 886 cum
1705 852 1740 895 se
1756 851 1894 887 videret

281 916 316 942 et
334 907 502 941 Romanae
521 904 672 949 ecclesiae,
693 905 730 937 in
746 914 810 950 qua
820 903 950 948 semper
966 901 1155 948 apostolicae
1174 901 1350 935 cathedrae
1369 903 1485 948 viguit
1502 903 1770 947 principatuset
1787 909 1896 936 caete-

281 958 331 990 ris
350 957 452 990 terris
467 965 532 1001 per
557 954 862 987 communicatorias
887 953 1025 986 litteras
1053 950 1114 995 effe
1139 949 1358 994 conjunffum.
1410 950 1584 983 Autoritas
1608 950 1716 994 igitur
1739 948 1893 984 ecclefiae

280 1000 556 1048 Carthaginensis
575 1013 614 1034 ex
630 1011 743 1034 mente
759 997 950 1044 Augustini,
979 1011 1048 1033 non
1070 1000 1105 1031 in
1125 1010 1162 1031 ea
1180 997 1237 1031 fita
1257 996 1311 1036 est,
1324 997 1418 1041 quod
1436 996 1514 1045 ejus
1536 996 1713 1043 episcopus
1731 1010 1799 1033 non
1817 997 1895 1044 pos-

281 1052 321 1087 fit
337 1051 484 1100 judicari
497 1050 541 1085 ab
561 1048 732 1095 episcopis
751 1046 908 1090 Africae3
935 1047 994 1082 sed
1024 1046 1121 1092 quod
1146 1047 1266 1091 inique
1290 1057 1320 1081 et
1343 1045 1383 1080 ab
1410 1047 1559 1081 inimicis
1577 1045 1749 1094 judicatus
1774 1046 1895 1083 absens

278 1113 418 1149 poterat
441 1099 473 1135 se
491 1097 672 1134 defendere
690 1098 942 1133 communione
967 1097 1273 1132 transmarinarum
1294 1096 1451 1130 omnium
1469 1094 1698 1138 ecclefiarum‚
1726 1097 1821 1142 quod
1846 1095 1895 1132 fa·

280 1165 356 1187 cere
375 1163 444 1186 non
465 1149 578 1196 rpoffet
602 1149 741 1195 exiguae
764 1158 823 1183 aut
849 1147 950 1192 longe
975 1144 1122 1181 semotae
1150 1146 1292 1180 civitatis
1319 1144 1511 1191 episcopus.
1573 1147 1620 1181 Ex
1645 1146 1698 1182 his
1721 1146 1897 1183 concludit

280 1200 495 1247 Augustinus
520 1198 728 1238 Secundum,
764 1197 788 1232 fi
816 1197 910 1242 pacis
935 1194 1101 1230 studiosus
1120 1192 1234 1230 fuisset
1264 1193 1408 1229 debuisse
1433 1195 1485 1229 vel
1505 1195 1733 1231 Caecilianum
1753 1198 1828 1232 Deo
1847 1196 1897 1231 di·

282 1252 438 1291 mittere,
465 1247 518 1282 vel
528 1247 763 1282 transmarinis
776 1244 950 1292 judicium
967 1243 1041 1291 ejus
1057 1244 1273 1278 committere
1282 1255 1349 1287 pro
1360 1242 1452 1277 bono
1463 1245 1634 1287 pacis*non
1655 1256 1695 1277 ex
1712 1242 1826 1279 striEio
1841 1245 1898 1294 ju-

281 1312 330 1336 re.
381 1300 478 1333 Haec
498 1295 544 1330 est
559 1306 655 1329 mens
673 1292 913 1339 Augustini‚ut
931 1293 1043 1336 quivis
1063 1289 1239 1330 fatebitur,
1268 1291 1327 1335 qui
1347 1289 1523 1336 epistolam
1542 1291 1636 1327 istam
1655 1293 1783 1339 legerit.
1813 1297 1894 1338 Quo

280 1346 386 1384 >semel
403 1345 577 1382 observato
596 1341 714 1378 cunsta
724 1342 813 1387 Lupi
829 1352 1019 1377 commenta
1036 1339 1144 1375 statim
1162 1339 1399 1385 explodentur.
1454 1342 1575 1375 Unum
1593 1353 1705 1376 tamen
1724 1342 1893 1380 intastum

279 1397 467 1448 praeterire
483 1407 552 1429 non
561 1392 695 1440 possum
712 1404 795 1438 prae
813 1392 951 1426 caeteris
969 1389 1106 1436 insigne,
1118 1389 1211 1434 quod
1230 1390 1476 1432 unusquisque,
1489 1388 1535 1422 sat
1552 1388 1797 1437 scio,stupebit.
1828 1396 1894 1430 Pet

283 1446 432 1483 ecclesias
451 1444 570 1479 scilicet
585 1442 827 1477 transmarinas
853 1439 976 1476 adserit
992 1443 1112 1485 Lupus
1130 1438 1170 1471 ab
1192 1435 1394 1481 Augustino,
1413 1438 1623 1482 caeterisque
1633 1437 1802 1477 Africanis
1825 1455 1893 1478 ma-

282 1494 404 1531 nifeste
422 1493 527 1529 solam
537 1495 725 1528 Romanam
742 1490 895 1535 intelligi,
921 1489 1014 1534 quod
1034 1489 1174 1523 omnino
1189 1484 1375 1520 absurdum
1393 1484 1449 1521 est.
1478 1486 1605 1522 Eadem
1624 1490 1753 1536 quippe
1769 1492 1804 1526 in
1820 1493 1891 1538 epi.

285 1545 367 1581 stola
384 1542 517 1579 san&us
537 1537 803 1587 Augustinusjic
821 1540 986 1584 loquitur.
1040 1537 1166 1572 Miltia
1184 1537 1311 1582 quippe
1330 1535 1529 1583 collegarum
1546 1543 1779 1575 transmarina
1795 1542 1895 1588 resta-⁴

281 1596 383 1635 bant,
412 1593 472 1629 ubi
489 1591 675 1640 apparebat
693 1602 742 1626 eos
755 1589 911 1637 judicari
926 1587 1025 1634 poffe,
1048 1587 1107 1633 qui
1124 1585 1234 1631 Afros
1258 1585 1312 1618 vel
1321 1585 1491 1620 Numidas
1514 1587 1657 1634 collegas
1683 1589 1894 1628 videbamur

284 1645 407 1683 habere
419 1642 595 1689 JuspeHos,
606 1654 644 1675 ex
662 1639 786 1684 quibus
804 1635 978 1673 manifeste
995 1645 1085 1681 patet
1105 1634 1410 1669 transmarinarum
1430 1634 1639 1671 ecclefmrum
1659 1648 1690 1673 et
1708 1639 1893 1684 regionum
1934 1646 1937 1649 '

283 1695 429 1730 nomine
447 1704 514 1727 non
532 1689 636 1726 solnm
652 1692 841 1724 Romanam
858 1685 1021 1721 ecclesiam
1041 1695 1097 1719 aut
1115 1684 1306 1724 civitatem‘,
1333 1681 1390 1718 sed
1412 1696 1534 1720 omnes
1553 1686 1708 1728 omnino,
1723 1689 1783 1733 qui
1801 1699 1894 1726 trans

280 1756 378 1779 mare
395 1741 472 1778 sunt
493 1739 628 1776 Africae
647 1736 797 1785 respeau
814 1749 851 1772 ac
868 1735 1052 1783 praecipue
1072 1733 1189 1774 Italos,
1218 1732 1338 1767 Gallos
1357 1744 1388 1768 et
1407 1733 1582 1780 Hispanos
1604 1734 1794 1781 significari„
1848 1742 1895 1777 At

282 1793 398 1838 inquit
423 1795 562 1838 Lupus,
605 1788 816 1837 Augustinus
836 1798 902 1835 per
927 1787 1172 1821 transmarinas
1197 1781 1337 1829 ecclesias
1365 1784 1457 1829 apud
1481 1796 1560 1832 quas
1579 1794 1612 1820 et
1632 1787 1840 1823 Caecilianus
1857 1798 1892 1825 et

283 1841 483 1888 'Donatistae
498 1839 686 1875 debuerunt
697 1839 793 1883 suam
807 1837 937 1881 causam
952 1836 1115 1882 primitus
1133 1843 1251 1882 agere,
1279 1833 1446 1881 intelligit
1464 1835 1566 1875 illam,
1584 1835 1678 1882 apud
1695 1847 1792 1884 quam
1806 1837 1895 1886 post-¹

283 1890 419 1929 ,modum
436 1891 529 1934 causa
548 1889 608 1936 1ssa
624 1887 697 1922 afla
710 1890 801 1933 fuit,
820 1896 904 1934 quae
920 1883 1093 1929 manifeste
1110 1884 1188 1929 fuit
1198 1882 1360 1916 Romana.

436 1937 642 1985 Respondeo
658 1935 857 1972 hallucinari
883 1945 961 1968 eum
987 1931 1120 1978 duplici
1142 1931 1280 1966 ratione.
1334 1933 1469 1972 Primo,
1498 1932 1575 1978 quia
1607 1945 1675 1970 non
1695 1932 1805 1972 solum
1821 1937 1898 1974 Aus

289 1987 442 2037 gustinus
460 1988 501 2022 de
519 1987 573 2021 his
591 1996 721 2022 tantum
739 1983 880 2020 ecclesiis
914 1982 969 2017 hic
989 1994 1059 2017 non
1084 1981 1252 2026 loquitur,
1282 1982 1374 2026 apud
1397 1994 1481 2027 quas
1503 1980 1615 2028 postea
1640 1982 1713 2020 aaa
1736 1983 1782 2020 est
1799 1986 1894 2023 caus.

289 2038 481 2074 Caeciliani.
534 2035 596 2070 Sed
615 2035 801 2080 generatim
819 2033 858 2068 de
874 2034 913 2067 iis
933 2031 1108 2072 omnibus,
1125 2030 1214 2076 apud
1233 2041 1318 2074 quos
1347 2033 1400 2077 agi
1418 2042 1573 2077 poterat,
1625 2035 1732 2069 millia
1749 2038 1895 2084 quippe,

288 2082 405 2133 'inquit
424 2084 648 2131 collegarum,
672 2084 899 2128 transmarina
914 2081 1096 2128 restabant,
1123 2079 1187 2118 &a
1215 2080 1311 2124 atqui
1330 2093 1398 2115 non
1416 2081 1507 2127 apud
1528 2081 1621 2116 mille
1637 2081 1694 2118 sed
1709 2084 1800 2129 apud
1809 2096 1894 2130 pau-

288 2150 348 2174 cos
370 2134 442 2171 aaa
459 2132 504 2169 est
524 2132 620 2168 causa
639 2132 828 2168 Caeciliani.
878 2130 1048 2171 Secundo,
1077 2131 1110 2165 in
1127 2141 1166 2164 eo
1185 2130 1332 2175 turpiter
1352 2133 1489 2177 Lupum
1509 2143 1632 2169 errare.
1660 2131 1754 2176 quod
1783 2133 1895 2170 existi-

290 2198 362 2224 met
379 2184 509 2220 causam
526 2182 705 2218 Caeciliani
722 2179 828 2216 astam
847 2179 946 2217 fuiss'e
967 2190 1097 2216 tantum
1116 2178 1207 2225 apud
1226 2182 1412 2215 Romanam
1422 2179 1610 2222 ecclefiam3
1636 2178 1709 2215 asta
1727 2180 1897 2222 enimfuit

292 2234 386 2286 apud
403 2234 531 2284 judices
548 2230 794 2270 transumrinos
813 2229 907 2268 datos
925 2242 944 2267 a
961 2229 1199 2269 Constantino.
1226 2240 1375 2277 quorum
1392 2241 1460 2271 tres
1477 2240 1574 2266 erant
1591 2241 1608 2265 e
1626 2229 1750 2267 Gallia.
1894 2227 1898 2231 ⁴

1729 2326 1864 2375 Adffllf!
