2022 2733
327 183 838 220 DISSERTATIONES
866 183 1208 222 HISTORICAE.
1247 186 1404 224 stsm.
1433 190 1493 225 IV.
1599 194 1669 236 267

98 298 101 300 -
260 272 431 318 Septimo,
459 274 653 308 Romanum
669 271 865 319 pontificem
894 272 1013 310 saltem
1038 286 1077 310 ex
1098 273 1255 311 cathedra
1280 275 1476 322 loquentem
1494 277 1718 320 infallibilem

110 319 172 357 effe
190 321 225 357 in
242 321 378 369 judiciis
399 321 466 358 suis
486 322 525 356 de
543 321 609 358 fide
627 323 816 369 perhibent.

192 405 212 412 ⁴„
255 369 406 412 ORavo,
460 371 574 418 ipsum
596 370 659 407 else
679 372 860 408 dominum
876 373 982 409 totius
1002 374 1149 412 mundi,
1194 374 1351 411 dominio
1370 379 1569 423 temporali,
1611 391 1645 415 et
1660 380 1719 417 ha.

102 420 184 456 bere
209 420 408 467 potestatem
442 421 726 469 deponendorum
750 434 874 469 regum
900 434 931 458 et
965 422 1120 460 fidelium
1144 437 1162 461 a
1188 423 1398 462 sacramento
1423 426 1594 464 fidelitatis
1611 429 1718 466 absol-

103 470 310 507 vendorum.

256 523 330 556 Has
353 529 384 554 et
401 518 482 555 alias
501 519 671 567 ejusmodi
688 518 903 554 incredibiles
931 523 1186 566 praerogativas
1204 525 1375 559 Romanae
1401 525 1551 562 ecciesiae
1579 527 1718 574 ejusque

104 568 267 617 episcopo
291 566 451 605 deferunt
476 572 755 606 Turrecremata‚
789 567 976 611 Sanderus,
1005 570 1249 612 Bellarminus,
1285 574 1473 616 Batonius,
1509 578 1647 622 Lupus,
1688 589 1719 615 et

103 619 161 656 alii
179 621 290 655 euriae
310 621 480 654 Romanae
501 616 581 664 plus
598 629 706 663 aequo
723 615 862 652 addiffi.

251 673 296 704 At
311 667 430 703 caeteri
448 667 613 714 theologi,
624 666 824 713 praesertim
839 679 921 703 vero
940 666 1052 706 Galli,
1077 667 1127 704 illi
1144 670 1259 716 magni
1278 670 1402 706 Leonis
1419 669 1510 708 diffie
1532 671 1718 720 obsequen-

97 727 169 753 sest
195 727 310 753 manet
327 719 425 752 Petri
441 720 690 765 privilegium,
719 716 914 765 ubicumque
933 729 973 752 ex
985 718 1082 764 ipfius
1093 721 1220 765 fertur
1241 723 1411 769 aequitate
1426 722 1611 768 judicium.
1665 728 1718 761 De

103 767 254 814 primatu
272 770 446 802 Romanae
465 766 614 802 ecclefiae
634 765 820 803 secundum
838 767 923 802 hanc
944 769 1147 812 aequitatem
1165 767 1334 815 judicant,
1361 783 1421 806 nec
1447 783 1520 808 eam
1535 784 1716 810 extenuant

104 828 184 853 cum
202 817 400 854 haereticis,
429 828 489 851 nec
506 818 653 852 nimium
677 816 844 852 extollunt
862 828 939 852 cum
957 816 1137 864 praediffis
1159 818 1341 866 theologis.

249 915 368 952 Primo
386 916 499 961 itaque
515 915 664 952 statuunt
681 917 716 951 in
734 915 866 951 ecclefia
882 916 963 964 jure
986 917 1105 953 divino
1125 917 1186 953 c‘sse
1202 919 1372 965 quandam
1393 920 1636 963 monarchiam,
1648 923 1714 959 hoe

99 961 165 1005 est,
192 965 228 1000 in
242 978 278 1000 ea
293 967 449 1011 primum
469 962 531 1000 esse
546 969 740 1002 Romanum
759 964 973 1011 pontificem.
1026 970 1182 1002 Attamen
1205 968 1304 1016 ajunt
1324 967 1498 1005 Christum
1517 971 1713 1008 immediate

101 1025 139 1049 ac
157 1026 221 1060 per
241 1013 308 1049 sese
323 1014 431 1048 claves
448 1016 514 1049 toti
533 1013 680 1050 ecciesiae
697 1013 867 1050 collefhm
884 1014 1039 1061 sumptae
1059 1015 1199 1054 dedisse,
1229 1030 1260 1052 et
1279 1015 1464 1064 subjeGum
1477 1045 1484 1059 ,
1513 1031 1550 1054 ut
1565 1020 1712 1066 loquun-

100 1073 177 1104 tur,
206 1064 443 1099 immediatum
461 1062 633 1110 potestatis
649 1063 877 1099 ecclesiasticae
897 1076 966 1099 non
983 1064 1044 1098 effe
1066 1077 1210 1111 papam,
1240 1077 1298 1102 aut
1315 1069 1502 1113 praelatos,
1531 1068 1586 1104 sed
1605 1082 1711 1107 totam

100 1112 291 1153 ecclesiam3
319 1113 363 1148 ita
382 1123 492 1148 tamen
515 1124 552 1147 ut
568 1125 630 1159 per
652 1113 819 1160 praelatos
838 1112 890 1159 jus
915 1114 1060 1149 clavium
1079 1127 1284 1157 exerceatur,
1327 1128 1396 1151 non
1414 1130 1477 1163 per
1494 1117 1605 1155 solum
1623 1133 1710 1166 pon-

101 1160 325 1209 tificemrlicet
341 1163 477 1208 primus
487 1161 527 1197 fit
545 1164 632 1197 inter
651 1175 720 1201 eos,
738 1164 796 1207 qui
813 1162 872 1210 jus
889 1162 974 1197 illud
996 1163 1130 1199 habent.
1185 1166 1279 1201 Hinc
1297 1165 1395 1214 ajunt
1413 1165 1534 1202 statum
1560 1170 1710 1206 ecclesiae

97 1211 357 1247 monarchicum
375 1210 452 1250 esse,
482 1212 638 1255 regimen
654 1210 936 1249 aristocraticum,
987 1211 1045 1246 seu
1071 1212 1237 1249 ecclesiam
1257 1216 1490 1252 monarchiam
1512 1216 1574 1252 effe
1591 1218 1711 1257 aristo.

95 1261 221 1297 cretico
245 1261 415 1306 regimine
439 1269 670 1304 temperatam.

248 1309 356 1353 Quod
371 1308 412 1344 ad
430 1308 520 1344 hunc
538 1308 724 1354 primatum
743 1306 1082 1354 pontificisRomani‚
1110 1308 1210 1357 ajunt
1230 1310 1327 1346 ilium
1347 1310 1408 1347 esse
1426 1312 1467 1347 de
1483 1313 1560 1361 jure
1577 1315 1710 1358 divino.

99 1360 180 1405 quia
195 1358 318 1395 scilicet
337 1361 455 1394 Petrus
472 1370 491 1393 a
509 1356 643 1393 Christo
663 1357 798 1403 collegii
816 1357 993 1403 apostolici
1010 1360 1145 1404 primus
1166 1359 1211 1395 est
1229 1360 1420 1403 institutus,
1449 1375 1487 1398 eo
1506 1364 1654 1407 confluo,
1675 1379 1711 1402 ut
1767 1398 1772 1402 .

95 1409 140 1444 'ad
167 1408 273 1458 hujus
295 1409 345 1444 rei
371 1407 566 1454 exemplum
592 1407 726 1454 semper
750 1407 882 1442 ecclefia
911 1408 1067 1454 primum
1093 1409 1243 1454 aliquem
1277 1410 1472 1457 agnosceret
1499 1413 1711 1463 episcopum.

98 1459 292 1505 Cum'ergo
311 1457 441 1494 constet
460 1461 655 1493 Romanum
683 1455 883 1503 pontificem
908 1458 1065 1493 omnium
1087 1460 1243 1505 primum
1267 1459 1400 1508 semper
1420 1462 1576 1499 habitum
1601 1463 1710 1505 fuisse,

99 1507 192 1544 haud
218 1508 362 1544 dubium
382 1506 437 1548 est,
464 1508 546 1551 quin
566 1506 608 1540 ad
627 1518 706 1541 eum
723 1505 780 1540 ille
803 1507 969 1551 primatus
995 1508 1086 1543 Petri
1106 1511 1311 1555 pervenerit.
1367 1513 1447 1547 Hoc
1466 1512 1578 1558 ipsum
1608 1516 1712 1551 tradit

98 1557 344 1596 Bellarminus,
372 1556 429 1592 ubi
450 1555 494 1591 fic
513 1555 753 1591 ratiocinatur,
779 1553 837 1591 lib.
861 1568 891 1590 2.
912 1556 952 1591 de
973 1559 1128 1594 Romano
1146 1557 1308 1605 pontifice
1326 1572 1397 1607 cap.
1425 1573 1477 1597 12.
1534 1563 1712 1610 Oportuit.

99 1607 231 1651 inquit,
259 1607 358 1642 Petro
376 1607 518 1653 aliquem
531 1604 706 1650 succedere
721 1607 758 1639 in
773 1606 929 1650 primatu
946 1607 1106 1653 ecclefiae,
1134 1621 1202 1643 cum
1221 1619 1346 1646 certum
1362 1611 1409 1657 stt
1422 1614 1609 1658 primatum
1626 1615 1712 1649 hunc

99 1656 166 1702 effe
181 1664 326 1702 propter
343 1656 518 1698 ecclefiam:
544 1657 658 1702 igitur
675 1656 839 1689 moriente
856 1655 957 1690 Petro
977 1657 1122 1692 inter-ire
1139 1670 1206 1693 non
1224 1658 1342 1694 debuit
1353 1663 1540 1707 primatus,
1562 1662 1712 1707 Jedsub-

95 1704 204 1752 sistere
221 1704 320 1740 dehet
337 1718 374 1740 ac
388 1705 618 1751 perseverare,
645 1703 804 1752 quamdiu
826 1712 938 1738 manet
956 1704 1102 1751 ecclesta:
1130 1710 1246 1754 atqui,
1276 1708 1404 1752 inquit,
1432 1710 1520 1756 quod
1538 1711 1594 1756 iste
1613 1712 1711 1748 Petri

93 1753 312 1802 succefforstt
324 1755 494 1788 Romanus
510 1756 679 1800 pontifex,
695 1754 805 1799 facile
826 1752 969 1799 probari
983 1754 1105 1800 potest,
1135 1759 1245 1792 nullus
1273 1761 1359 1792 enim
1382 1758 1442 1804 est,
1471 1769 1527 1794 nec
1547 1763 1623 1806 fuit
1649 1774 1710 1796 un-

37 1835 40 1837 .
95 1815 205 1852 quam,
221 1803 321 1851 quise
338 1804 433 1839 Petri
442 1802 656 1850 succefforem
672 1804 739 1839 ullo
758 1802 847 1837 modo
866 1802 1074 1847 adfer-uerit,
1104 1806 1158 1839 vel
1177 1817 1244 1853 pro
1266 1807 1331 1841 tali
1354 1806 1487 1843 habitus
1504 1807 1551 1856 stt
1567 1819 1709 1856 praeter

95 1854 294 1890 Romanum.

245 1904 367 1937 Unum
385 1900 527 1942 habent,
555 1900 647 1946 quod
664 1911 844 1947 opponant
863 1900 1063 1939 calviniani,
1091 1901 1191 1938 talem
1219 1902 1457 1941 successionem
1489 1917 1558 1941 non
1587 1904 1650 1941 effe
1670 1920 1707 1943 ex

95 1949 229 1988 Christi
246 1949 420 1986 instituto:
446 1949 490 1985 fic
507 1950 658 1986 Amefius
677 1951 788 1985 relatis
807 1950 860 1985 his
872 1950 1066 1986 Beilarmini
1086 1952 1209 1987 verbis.
1270 1954 1469 1996 Fundatur,
1498 1957 1619 2000 inquit,
1648 1959 1706 2005 iste

95 2004 268 2050 primatus
285 2013 352 2036 non
368 2003 406 2035 in
425 2002 520 2044 jure,
540 2001 602 2046 sed
621 2003 656 2035 in
666 2001 776 2047 faHo.
830 2001 996 2039 Secundo,
1023 2004 1060 2036 in
1079 2003 1172 2048 fufio
1191 2004 1280 2051 quod
1295 2007 1331 2039 in
1341 2008 1529 2053 scripturis
1549 2018 1611 2041 non
1630 2019 1705 2042 ηαν-

91 2060 208 2087 ratur.
246 2049 378 2087 Tertio,
395 2051 433 2084 in
450 2051 514 2084 tali
523 2051 632 2097 faHo,
642 2050 732 2098 quod
746 2062 811 2085 nou
828 2051 997 2097 constituit
1006 2052 1068 2097 jus
1084 2051 1249 2091 divinum,
1261 2054 1322 2099 sed
1338 2056 1524 2091 humanum.
1561 2056 1707 2099 Quarto,

95 2103 136 2137 in
152 2102 218 2137 tali
236 2099 332 2146 faflo
360 2098 448 2147 quod
468 2111 534 2135 non
556 2099 697 2134 videtur
713 2103 780 2134 vim
803 2098 924 2135 lzahere
943 2102 1206 2137 communicandi
1223 2105 1317 2149 juris
1336 2104 1452 2150 lz'ujux,
1479 2115 1518 2141 ut
1536 2105 1706 2152 donffimi

95 2148 344 2197 pontificiorum
363 2144 511 2197 negiznt:
539 2161 613 2184 nam
632 2150 745 2185 Scotus
761 2150 796 2184 in
813 2160 845 2192 4.
862 2148 932 2185 dist.
947 2161 1003 2192 24.
1055 2151 1266 2199 Cordubensts
1281 2152 1341 2187 lib.
1362 2165 1394 2196 4.
1415 2167 1447 2199 q.
1469 2167 1496 2191 1.
1525 2156 1704 2200 Cajetanus

98 2197 141 2232 de
160 2199 311 2243 primatu
329 2210 445 2244 papae.
497 2199 630 2234 Bannes
647 2199 682 2233 in
702 2211 731 2232 2.
751 2197 874 2244 quaest.
899 2212 926 2235 1.
941 2210 1001 2234 art.
1030 2211 1082 2234 10.
1101 2202 1304 2238 contendunt
1325 2215 1390 2249 per
1405 2204 1551 2238 accidens
1571 2212 1702 2239 tantum

98 2248 255 2296 conjungi
265 2249 498 2298 ⁸episcopatum
512 2247 609 2285 urbis
629 2257 661 2285 et
686 2247 792 2289 orbis.
819 2262 885 2286 nou
901 2251 984 2334 julre
1009 2249 1148 2292 divino,
1175 2260 1236 2287 aut
1261 2255 1402 2301 imperio
1422 2253 1564 2300 Clzrifib·
1592 2255 1644 2287 ita
1662 2262 1701 2290 ut

287 2318 289 2320 -
694 2318 696 2320 v
899 2301 926 2334 L
1008 2311 1028 2333 2
1572 2303 1655 2348 jure
