1961 2718
293 198 377 239 ,3⁶2
531 188 535 191 ·
576 187 645 223 nte
679 179 960 232 ΑΝτιουΑ
986 184 1270 222 noctesve
1321 173 1663 220 DISCIPLINA

258 290 411 317 mentem
428 273 520 313 suam
539 275 736 321 detorquet,
762 289 799 311 ut
816 275 939 323 probet
958 275 993 309 in
1012 271 1141 309 ecclefia
1160 271 1312 318 gladium
1339 273 1545 310 materialem
1577 274 1656 316 else,
1692 274 1738 308 ita
1762 271 1867 318 expli·
1912 273 1922 279 ‘
1956 273 1961 282 '

257 329 329 367 cat,¹
380 339 417 363 ut
445 327 656 362 contrarium
674 325 850 362 Bonifacio
873 322 1014 362 inferat,
1050 322 1220 370 gladium,
1258 322 1298 356 de
1327 333 1397 366 quo
1417 322 1472 357 hic
1498 325 1620 370 agitur,
1649 322 1865 369 spiritualem

244 377 418 428 ‘passionis
436 376 498 413 effe
515 375 686 423 gladium,
715 376 807 422 quod
825 374 955 411 ecclesia
971 373 1089 410 debeat
1106 373 1193 419 pati,
1227 384 1297 407 non
1322 371 1411 417 quod
1437 371 1506 419 ipsa
1529 372 1628 419 poffit
1654 375 1689 407 in
1714 372 1798 407 alios
1819 382 1869 404 ex·

260 440 385 465 ercere.
718 427 721 434 '

413 474 623 523 Augustinus
644 488 783 521 quoque
794 475 909 514 docet,
938 472 1105 509 ecclesiam
1116 469 1313 507 nunasalias
1329 468 1738 517 poenasinfligerepoffe‚
1766 480 1870 514 quam

261 527 515 574 degradationis
535 538 565 560 et
583 526 960 561 excommunicationis,
987 524 1045 558 lib.
1063 522 1104 556 de
1125 521 1189 555 fide
1205 531 1236 555 et
1255 520 1416 566 operibus
1442 533 1468 556 c.
1494 531 1524 553 2.
1545 531 1605 555 etc.
1661 520 1800 554 Pltinees
1813 520 1872 563 Ja-

263 577 396 613 cerd05‚
425 576 554 620 inquit,
584 575 753 610 adulteros
766 574 862 620 fimul
880 576 1032 607 inventos
1050 573 1157 605 ultore
1172 574 1268 615 ferro
1287 569 1478 612 transfixit,
1513 570 1599 616 quod
1621 573 1737 615 utique
1755 568 1794 602 de
1814 568 1872 602 de-

259 624 522 676 gradationibus
541 633 572 658 et
590 619 1217 667 excommunicationibussignificatum
1238 619 1296 661 eli,
1345 618 1546 665 faciendum
1572 622 1607 652 in
1634 619 1690 652 hoc
1709 627 1873 663 tempore,

266 688 335 711 cum
354 678 389 709 in
413 672 560 719 ecclesi-te
578 672 754 717 dtscipsina
774 670 909 714 vifibilis
926 671 1065 719 gladius
1085 671 1205 715 fuerit
1231 668 1433 714 ccffaturus:
1469 667 1584 701 eadem
1615 665 1658 700 est
1686 678 1761 700 ante
1787 666 1878 700 hunc

264 725 432 771 Cypriani
451 720 612 757 sententia
629 720 722 766 epist.
752 736 759 753 ι
775 734 802 753 1.
825 720 882 753 hb.
909 733 936 753 1.
989 717 1141 759 Inter-fici
1157 717 1248 752 Deus
1259 717 1358 764 juffit
1377 716 1633 759 asacerdotibus
1653 717 1719 757 suis
1737 728 1803 750 non
1825 713 1877 749 ob-

252 781 490 820 -tempcrantes
503 769 677 817 judicibus
694 774 760 813 ase
778 769 822 802 ad
840 774 966 813 tempus
985 767 1192 811 constitutis,
1218 775 1250 798 et
1263 774 1340 799 tum
1357 765 1489 812 quidem
1499 765 1619 812 gladio
1631 763 1879 804 occidebantur,

265 822 397 871 quando
407 822 512 855 adhuc
529 829 560 853 et
585 818 778 862 circumc-isto
797 820 942 850 carnalis
963 814 1134 850 manebat,
1160 824 1245 846 nunc
1261 823 1368 846 autem
1395 816 1473 859 quia
1494 814 1687 858 circumciſso
1709 816 1879 859 spiritua-

266 873 309 907 lis
333 872 394 917 effe
416 870 460 903 ad
472 868 590 910 fideles
610 867 680 901 Dei
697 869 820 912 coepit,
847 866 1028 911 spirituali
1043 861 1165 910 gladto
1174 859 1318 907 superbi
1336 870 1367 895 et
1385 869 1587 895 contumaces
1597 869 1776 902 necantur,
1803 861 1882 896 dum

266 919 309 956 de
330 919 450 964 ecclesta
466 919 660 960 ejiciuntur.

420 968 548 999 Verum
569 964 681 998 nullus
701 960 764 1000 est,
791 975 808 997 a
830 974 898 1008 quo
917 959 1121 995 luculentius
1139 958 1334 1006 propositio
1353 957 1463 993 nostra
1487 958 1602 994 afferta
1618 956 1738 1000 fucrit,
1765 969 1796 994 et
1812 958 1880 994 eio-

267 1017 428 1063 quentius
446 1014 593 1060 exposita
612 1025 711 1057 quam
729 1025 747 1046 a
762 1011 861 1048 >beato
881 1008 1143 1056 Chrysostomo,
1170 1009 1266 1056 cujus
1286 1020 1370 1042 extat
1387 1021 1421 1042 ea
1447 1008 1489 1042 de
1505 1006 1689 1053 reinstgnis
1707 1010 1801 1043 iocus
1819 1009 1881 1043 ho·

265 1066 338 1102 mil.
361 1077 393 1108 4.
421 1065 460 1099 de
479 1063 591 1098 verbis
609 1061 712 1097 Isaiae
730 1073 752 1097 t.
776 1073 804 1105 3.
826 1075 860 1106 p.
884 1067 965 1104 758.
994 1059 1049 1106 ubi
1069 1059 1109 1093 de
1126 1057 1217 1093 fasto
1239 1060 1343 1092 Oziae
1370 1057 1545 1098 differens,
1577 1057 1640 1093 late
1658 1059 1754 1092 docet
1784 1069 1881 1103 reges

268 1115 362 1150 nulla
383 1112 565 1160 temporali
582 1124 692 1158 poena
709 1124 726 1145 a
744 1109 969 1146 sacerdotibus
987 1107 1080 1154 posse
1092 1106 1267 1143 mulstari:
1319 1108 1422 1152 „Regi
1435 1132 1442 1146 ,
1471 1109 1602 1156 inquit,
1631 1119 1778 1153 corpora
1789 1118 1884 1142 com-

268 1164 386 1206 „miss'a
399 1163 498 1204 sunt,
526 1161 687 1197 sacerdoti
706 1161 856 1201 animae,
886 1172 943 1194 rex
960 1159 1106 1192 maculas
1125 1169 1310 1203 corporum
1332 1158 1490 1196 remittit,
1520 1156 1674 1191 sacerdos
1693 1169 1802 1190 autern
1815 1168 1884 1190 rna·

270 1214 387 1256 „culas
405 1224 642 1259 peccatorum3
670 1211 726 1244 ille
745 1211 854 1254 cogit,
882 1209 937 1243 hic
958 1207 1174 1248 exhortatur,
1203 1206 1259 1240 ille
1279 1205 1480 1246 necestitate,
1535 1206 1590 1239 hic
1608 1206 1712 1240 libera
1730 1205 1884 1240 volunta·

271 1275 346 1306 „te‚·
376 1263 430 1296 ille
446 1261 546 1296 habet
562 1273 654 1294 arma
674 1258 857 1295 sensibilia,
884 1258 940 1291 h1c
957 1269 1049 1290 arma
1068 1256 1276 1301 spiritualia;
1304 1255 1358 1288 ilie
1375 1255 1500 1289 bellum
1513 1256 1600 1300 gerit
1616 1267 1692 1290 cum
1711 1254 1881 1289 barbaris:

272 1312 384 1353 „mihi
404 1310 530 1344 bellum
550 1308 594 1342 est
611 1307 771 1341 adversus
791 1307 997 1354 daemone-S,¹
1020 1307 1128 1348 major
1147 1305 1201 1336 hic
1217 1305 1452 1348 principatus,
1488 1316 1671 1348 propterea
1698 1316 1755 1337 rex
1783 1313 1885 1348 caput

271 1359 464 1402 „submittit
489 1358 605 1391 manui
636 1355 831 1391 sacerdotis,
868 1364 899 1387 et
917 1352 1045 1395 ubique
1074 1354 1107 1385 in
1131 1352 1233 1385 veteri
1259 1350 1421 1395 scriptura
1456 1351 1642 1386 sacerdotes
1671 1351 1885 1394 inungebant

273 1421 412 1455 „reges3
441 1419 558 1442 verum
578 1418 633 1439 rex
653 1404 707 1437 ille
724 1403 851 1449 (Ozias)
871 1401 926 1436 sua
944 1399 1129 1435 traufflien„
1149 1399 1236 1445 septa
1255 1400 1463 1444 modumque
1476 1402 1569 1444 regni
1591 1391 1886 1446 transgreffits‚co·

273 1470 395 1499 „natus
414 1456 458 1492 est
475 1455 603 1500 aliquid
628 1453 769 1491 addere,
798 1463 898 1495 atque
925 1447 1086 1494 ingressus
1110 1449 1154 1482 est
1179 1450 1346 1493 ternplum
1381 1461 1457 1482 cum
1484 1447 1684 1484 auctoritate
1712 1449 1886 1486 incensum

273 1507 432 1551 „adolere
452 1506 582 1540 volens.
638 1502 730 1544 Quid
748 1502 855 1545 igitur
873 1498 1024 1532 sacerdos
1039 1510 1107 1532 non
1130 1497 1203 1530 licet
1221 1497 1357 1529 adolere
1371 1496 1539 1532 incensum
1553 1524 1560 1536 ,
1588 1500 1666 1533 vide
1683 1499 1887 1541 libertatem,

275 1557 381 1599 „vide
402 1566 569 1590 mentem,
624 1551 747 1585 saevire
766 1548 908 1582 nesciam
928 1575 936 1582 .
964 1575 972 1582 .
1001 1574 1007 1580 .
1036 1573 1044 1580 .
1073 1549 1142 1580 Rex
1167 1557 1275 1579 autem
1297 1547 1396 1579 Ozias
1417 1558 1483 1580 non
1507 1545 1663 1582 sustinuit
1681 1549 1887 1584 admonitio-

275 1619 394 1647 ,‚nern‚
429 1603 483 1639 sed
513 1600 706 1646 arrogantia
730 1597 865 1632 inflatus
898 1594 1063 1641 ingressus
1082 1593 1126 1629 est
1150 1595 1336 1640 templum,
1390 1597 1525 1641 aperuit
1545 1593 1654 1632 sanRa
1674 1594 1890 1639 sanstorum,

275 1655 415 1698 „volens
434 1651 566 1688 adolere
583 1648 775 1684 incenium,
803 1646 886 1692 quid
904 1656 1020 1680 autem
1039 1647 1149 1685 Deus,
1177 1644 1234 1678 ubi
1254 1643 1407 1679 sacerdos
1439 1656 1657 1692 contemptus
1676 1644 1737 1686 est,
1777 1647 1896 1693 digni-

269 1703 417 1749 ‘‚‚tasque
447 1700 623 1737 sacerdotii
649 1697 862 1736 conculcata,
915 1695 974 1729 ubi
1000 1694 1084 1728 nihil
1113 1694 1258 1738 amplius
1283 1694 1398 1738 potuit
1419 1694 1573 1729 sacerdos
1594 1695 1686 1738 (nam
1706 1694 1889 1732 sacerdotis

276 1765 434 1797 „tantum
460 1750 505 1785 est
524 1760 664 1795 arguere
680 1759 709 1782 et
727 1744 883 1781 audaster
902 1757 937 1779 ac
955 1743 1058 1779 libere
1078 1743 1276 1782 admouere,
1331 1756 1399 1777 non
1427 1756 1566 1779 movere
1588 1757 1698 1786 arma,
1727 1757 1797 1780 non
1816 1742 1852 1780 ci'
1873 1762 1889 1772 -

276 1816 385 1851 „peos
409 1800 589 1846 usurpare,
618 1809 686 1832 non
697 1796 830 1830 vibrare
846 1796 1010 1833 lanceam,
1038 1806 1099 1828 nec
1122 1804 1236 1828 arcum
1259 1792 1412 1832 tendere,
1441 1805 1499 1828 nec
1530 1792 1634 1840 jacula
1654 1795 1803 1834 mittere,
1849 1794 1891 1830 ed

276 1863 437 1898 „tanturn
456 1859 600 1895 arguere
617 1858 654 1881 ac
675 1844 894 1881 constantiam
912 1843 1119 1887 ostendere).
1173 1841 1286 1877 Postea
1307 1854 1407 1886 quam
1426 1842 1534 1888 igitur
1551 1841 1708 1887 arguisset
1727 1842 1891 1886 sacerdoe,

279 1915 363 1946 „rex
379 1911 488 1935 autem
512 1909 580 1932 non
602 1894 752 1932 cessisset,
779 1894 835 1929 sed
852 1905 943 1928 arma
961 1904 1130 1933 moveret,
1157 1891 1295 1939 clypeos
1316 1903 1343 1924 et
1363 1891 1487 1929 hastas,
1516 1891 1640 1937 suaque
1659 1903 1811 1928 uteretur
1829 1905 1892 1939 po-

279 1952 423 1995 „tentia,
452 1948 498 1982 ibi
517 1945 669 1981 sacerdos
688 1945 786 1978 dicit:
816 1955 901 1988 eg0,
928 1945 1060 1990 inquit,
1098 1941 1189 1987 quod
1209 1951 1277 1974 erat
1297 1942 1362 1974 mei
1380 1938 1502 1981 officii,
1531 1941 1699 1988 praestiti,
1725 1942 1894 1978 nihilam-

281 2000 397 2047 „plius
421 1996 570 2043 poffum:
622 1994 777 2028 succurre
796 1991 996 2032 sacerdotio,
1033 1991 1125 2035 quod
1146 1990 1377 2027 concute-atur,
1406 1990 1494 2035 leges
1514 1992 1702 2032 violantur,
1735 1989 1787 2026 fas
1812 1990 1892 2026 sub-

284 2049 466 2092 „vex-titur.
520 2047 616 2087 Quae
634 2042 774 2087 quidem
793 2037 1029 2088 Chrysostomi
1048 2044 1082 2074 in
1110 2040 1209 2073 Oziae
1236 2038 1483 2082 sacerdotisque
1501 2043 1618 2086 magni
1641 2038 1730 2076 fagia
1748 2051 1779 2075 et
1803 2037 1895 2076 dista

282 2096 534 2135 observationes
551 2090 777 2127 sacerdotibus
799 2090 959 2126 omnibus
977 2090 1179 2125 documenta
1196 2086 1256 2122 effe
1274 2087 1426 2133 ponunt,
1457 2101 1525 2133 quo
1551 2088 1652 2136 pasto
1676 2086 1744 2124 sese
1773 2101 1891 2134 gerere

282 2147 440 2186 debeant,
467 2142 603 2189 quando
620 2151 777 2176 tenentur
794 2138 954 2175 adversus
973 2151 1083 2185 reges,
1118 2137 1208 2174 velut
1227 2136 1378 2172 summus
1398 2137 1549 2172 sacerdos
1574 2137 1730 2175 adversus
1749 2138 1891 2180 Oziam,

284 2198 361 2245 jura
379 2196 437 2231 sua
454 2194 560 2230 tueri,
586 2191 636 2226 uti
653 2190 777 2225 scilicet
807 2189 930 2224 debent
963 2200 1032 2223 non
1050 2187 1138 2223 secus
1163 2199 1200 2222 ac
1223 2187 1279 2221 iile
1305 2186 1614 2229 exhortationibus,
1650 2187 1892 2233 increpationi·

284 2247 368 2288 bus,
395 2245 466 2282 imo
484 2253 517 2281 et
535 2238 956 2280 excommunicationibus:
983 2249 1016 2276 at
1031 2247 1202 2286 nequeunt
1219 2237 1334 2285 regnis
1351 2249 1408 2275 eos
1427 2234 1588 2284 spoliare,
1620 2248 1713 2275 erma
1736 2238 1771 2272 in
1795 2234 1890 2284 ipsos

1720 2297 1837 2328 nuova,
