2022 2733
316 186 828 234 DJSSERTATIONES
876 186 1220 225 HISTORICAE.
1257 191 1417 229 Ense-m.
1435 194 1479 227 11.
1609 205 1676 255 ¹47

113 272 324 322 episcopatus
343 272 517 320 spoliatus,
570 272 623 309 sed
642 285 775 310 tantum
793 274 1084 312 administratione
1104 276 1255 313 ecclesiae
1275 277 1369 320 suae,
1398 281 1494 328 cujus
1511 292 1625 318 curam
1646 282 1726 320 ficut

105 326 212 371 -prius
228 322 321 371 gesiit
338 323 572 370 Hipponenfis
592 324 772 372 episcopus
788 324 1011 372 Augustinus
1064 326 1123 363 Ast
1139 328 1311 363 Antonius
1331 328 1498 375 judicium
1516 330 1603 367 istud
1627 346 1727 380 aegre

110 373 242 414 ferens,
269 374 313 409 ad
330 374 546 410 Bonifacium
566 372 743 420 confugit,
770 386 802 410 et
821 375 861 410 ab
882 388 923 411 eo
947 375 1075 412 litteras
1095 377 1253 415 obtinuit,
1265 380 1390 423 quibus
1410 380 1467 415 ille
1488 381 1627 428 jubebat
1647 395 1725 419 eum

110 425 148 459 in
174 423 347 469 integrum
372 423 523 471 restitui,
542 423 572 470 fi
595 425 746 460 ordinem
769 436 881 460 rerum
902 424 1062 467 fideliter·
1087 428 1293 474 exposuiffet.
1370 432 1517 467 Mortuo
1538 432 1725 470 Bonisacio.

111 473 323 509 Coelestinus
366 472 600 509 raedecefforis
617 473 666 508 sui
682 473 848 521 judicium
869 474 1031 520 probans,
1042 477 1306 520 exequutoribus
1323 479 1459 518 clericis,
1473 494 1560 525 quos
1577 492 1650 517 tum
1669 483 1724 518 ha-

112 523 225 562 bebat,
243 487 467 560 mancgturus
488 535 558 558 erat
573 523 814 570 proculdubio,
842 535 879 558 ut
897 535 961 568 pet·
981 525 1069 561 vim,
1096 524 1119 558 fi
1140 525 1234 559 aliter
1253 524 1327 560 fieri
1352 540 1420 562 non
1441 529 1556 575 poffit,
1586 532 1724 567 Bonifa-

109 571 371 608 cii‘sentenxiam
388 572 623 618 exsequutioni
640 572 857 615 mandarent;
885 572 981 617 quod
1002 585 1204 619 praecavens
1215 573 1427 620 Augustinus
1445 579 1485 613 ad
1497 579 1725 617 Coelestinum

108 622 197 658 hanc
214 622 390 669 epistolam
409 621 542 661 scribit,
571 623 605 657 in
624 634 688 668 qua
712 633 786 658 tum
805 623 949 658 Antonii
974 620 1107 659 causam
1133 625 1293 671 exponit,
1324 636 1397 662 tum
1414 627 1644 666 Caelestinum
1671 631 1723 666 de·

107 672 264 709 hortatur
294 685 312 707 a
336 670 529 719 proposito.

259 720 460 768 Respondeo
476 722 613 769 primo,
639 721 724 757 hanc
743 719 919 768 epistolam
939 722 980 757 ab
996 722 1137 760 eruditis
1157 736 1227 759 non
1246 726 1362 771 paucis
1381 726 1576 773 Augustino
1592 727 1724 775 abjudi-

108 772 196 816 εει-ὴ
223 770 366 808 habetur
381 772 617 807 enimtantum
635 771 670 807 in
689 773 791 807 unico
809 773 925 808 codice
943 772 1173 809 ducentorum
1201 776 1337 811 circiter
1362 788 1552 819 annorum,
1587 790 1618 813 et
1644 780 1717 823 qui-

108 822 185 858 dem
202 822 366 857 Vaticano
385 833 422 856 ac
440 822 590 868 proinde
603 834 672 856 non
691 834 814 868 parum
832 820 999 869 suspefiio.
1054 826 1095 858 In
1115 825 1254 859 caeteris
1274 836 1387 861 autem
1410 827 1570 863 omnibus
1591 830 1719 863 omitti-

107 883 182 912 tur,
210 883 248 907 ut
266 871 490 907 observarunt
516 873 551 910 ii,
575 872 636 917 qui
655 884 769 918 nuper
792 871 949 919 epistolas
959 872 1141 918 Augustini
1167 875 1254 910 mira
1273 874 1447 922 diligentia
1464 877 1501 912 in
1525 877 1633 913 lucem
1652 877 1720 913 edi-

52 956 53 959 ,
106 921 250 959 derunt,
278 932 310 956 et
326 923 368 956 ad
387 923 653 956 innumerorum
670 934 757 968 pene
769 922 1088 967 manuscriptorum
1107 922 1208 959 fidem
1228 925 1478 963 recensuerunt.

60 972 63 973 ⁷
254 970 388 1005 Deinde
408 972 469 1018 qui
488 971 521 1004 in
541 973 571 1006 S.
591 970 773 1016 Augustini
791 970 865 1005 stilo
884 970 1087 1007 versatiffimi
1105 972 1194 1013 sunt,
1213 987 1282 1009 non
1301 987 1423 1020 parum
1442 973 1565 1023 putant
1583 976 1636 1012 hic
1658 974 1719 1011 effe

106 1018 312 1055 discriminis
329 1019 370 1054 ab
388 1019 644 1064 Augustiniano.
696 1022 796 1054 Certe
816 1019 897 1053 haee
920 1018 1061 1065 epistola
1086 1022 1222 1056 videtur
1244 1023 1452 1068 elegantior,
1479 1037 1509 1060 et
1536 1026 1718 1060 rhetoricis

108 1068 228 1114 figuris
247 1069 400 1103 ornatior
420 1080 522 1112 quam
542 1067 649 1102 solent
669 1067 729 1102 effe
745 1068 1031 1113 Augustinianae‚
1057 1082 1298 1116 praeterquam
1320 1074 1412 1117 quod
1431 1074 1487 1109 illa
1507 1086 1569 1109 nec
1587 1085 1637 1110 tot
1655 1086 1718 1109 nec

107 1129 174 1153 tam
202 1117 329 1152 crebris
356 1117 452 1152 scatet
474 1117 657 1152 verborum
680 1116 911 1152 allusionibus.

256 1165 460 1212 Respondeo
479 1165 637 1205 secunde,
660 1166 746 1200 nihil
762 1179 799 1199 ex
816 1166 876 1200 hac
891 1165 1088 1202 Fussalensia
1106 1167 1257 1215 episcopi
1282 1171 1385 1211 caula,
1399 1171 1559 1206 adversus
1576 1185 1621 1213 ea,
1633 1185 1719 1218 quae

106 1215 263 1256 diximus,
275 1215 317 1249 de
334 1214 580 1249 Africanorum
600 1225 713 1247 mente
730 1214 857 1257 colligi.
912 1217 1078 1256 Quamvis
1098 1218 1188 1251 enim
1201 1221 1371 1253 Antonius
1382 1218 1575 1255 Fuffalenfis
1594 1221 1720 1266 episco-

105 1277 172 1312 pus
190 1276 253 1311 per
276 1263 532 1309 subreptionem
557 1275 574 1297 a
593 1259 770 1297 Bonifacio
796 1261 922 1296 litteras
947 1263 1159 1304 obtinuisset,
1196 1275 1235 1299 ut
1260 1264 1535 1308 restitueretur,fi
1560 1271 1718 1306 ordinem

105 1325 219 1351 rerum
239 1312 382 1348 fideliter
398 1310 580 1347 indicasset.
636 1310 788 1346 Africani
806 1321 917 1351 tamen
936 1312 1089 1359 episcopi
1105 1312 1282 1359 pontificis
1300 1315 1436 1351 decreto
1455 1330 1527 1352 nou
1546 1316 1719 1365 obtempe-

98 1374 241 1401 rarunt,
266 1373 368 1408 atque
384 1364 473 1398 inter
489 1361 573 1397 alios
591 1360 799 1407 Augustinus
819 1360 898 1406 ipse,
919 1375 936 1396 a
955 1375 1024 1407 quo
1042 1363 1360 1399 sueratFussalenfis
1380 1365 1570 1408 mulsimus,
1598 1380 1719 1414 parere

107 1415 238 1454 renuit,
267 1424 300 1448 et
325 1413 412 1448 hanc
437 1412 614 1459 epistolam
639 1410 749 1445 statim
772 1409 848 1456 post
871 1424 1016 1448 mortem
1037 1411 1206 1448 Bonifacii
1231 1414 1271 1449 ad
1292 1413 1521 1452 Coelestinum
1546 1417 1654 1458 misit,
1682 1420 1717 1454 in

78 1487 86 1504 2
107 1476 173 1512 qua
191 1462 375 1498 obtestatur
392 1475 470 1497 eum
488 1474 551 1507 per
569 1458 694 1496 Christi
718 1457 998 1509 sanguinem‚per
1016 1462 1161 1509 apostoli
1179 1465 1268 1499 Petri
1293 1467 1495 1502 memoriam
1507 1493 1514 1507 ‚
1544 1469 1603 1514 qui
1626 1468 1717 1504 chri-

78 1543 83 1548 .
105 1513 294 1551 stianorum
313 1510 522 1558 praepositos
539 1509 757 1556 populorum
773 1511 926 1552 monuit,
955 1525 998 1546 ne
1021 1512 1185 1548 violenter
1212 1514 1434 1550 dominentur
1455 1518 1489 1550 in
1515 1515 1652 1558 fratres,
1680 1529 1717 1554 ut

78 1561 191 1598 ‚sedis
215 1561 419 1608 apostolicae
444 1559 642 1595 sententiam
663 1570 725 1604 per
747 1558 816 1593 vim
843 1563 1062 1605 exequutioni
1080 1563 1235 1598 mandari
1250 1576 1319 1599 non
1347 1563 1446 1607 finat3
1472 1566 1562 1600 unde
1580 1566 1716 1609 constat,

106 1611 334 1657 Augustinum
353 1623 421 1645 non
437 1607 627 1644 existimasse
636 1612 792 1644 Romano
809 1608 965 1654 pontifici
982 1611 1034 1658 jus
1056 1610 1119 1647 effe
1137 1612 1335 1649 restituendi
1354 1615 1504 1662 episcopi
1521 1616 1556 1649 in
1575 1620 1717 1662 provin-

106 1663 156 1697 cia
175 1659 232 1695 sua
249 1658 389 1707 dejeEii,
415 1659 567 1704 alioquin
589 1656 661 1705 ipse
677 1655 839 1705 paruisset
856 1658 926 1707 ejus
946 1659 1098 1699 decreto,
1127 1675 1185 1698 nec
1205 1662 1375 1706 timuisset,
1388 1678 1430 1699 ne
1447 1678 1511 1712 per
1530 1667 1601 1701 vim
1616 1667 1660 1703 ad
1678 1668 1716 1704 id

79 1746 81 1749 ,
104 1720 294 1756 cogeretur.

257 1759 351 1794 Licet
370 1768 481 1792 autem
500 1754 711 1791 Coelestinus
729 1757 782 1804 jus
802 1756 889 1792 istud
908 1755 968 1792 sibi
986 1757 1174 1800 tribueret,
1202 1773 1220 1795 a
1238 1762 1417 1809 proposito
1437 1775 1565 1802 tamen,
1592 1776 1631 1801 ut
1645 1777 1713 1801 cre.

75 1835 80 1848 ‚.
106 1807 211 1845 dibile
236 1807 300 1849 est,
329 1806 471 1844 destitit,
499 1819 557 1841 nec
575 1807 764 1842 Antonium
786 1805 1004 1842 Fuss'alensem
1029 1806 1201 1843 restituere
1229 1812 1343 1847 invitis
1364 1812 1534 1848 Africanis
1560 1818 1709 1851 tentavitt

74 1898 77 1900 ,
105 1857 243 1895 Constat
253 1869 342 1893 certe
361 1869 399 1891 ex
417 1854 556 1902 epistola
568 1868 638 1899 224
652 1856 843 1903 Augustini,
861 1857 1050 1892 Antonium
1060 1856 1279 1895 Fuffalensem
1299 1875 1369 1897 non
1386 1860 1485 1898 fuisse
1502 1862 1712 1907 restitutum;

73 1932 79 1947 ,ν
106 1906 162 1944 sed
179 1907 410 1954 Augustinum
429 1906 532 1953 hujus
550 1905 700 1941 ecclesiae
718 1919 832 1941 curam
850 1905 981 1952 geffiffe.
1033 1908 1214 1944 Caeterum
1236 1921 1295 1945 nec
1311 1910 1508 1948 Fuffalensis
1526 1913 1617 1950 illius
1638 1918 1710 1962 epi-

75 1982 77 1984 -
106 1959 217 2004 scopi,
242 1969 306 1992 nec
324 1956 471 1991 aliorum
490 1966 572 1990 tunc
588 1957 758 2002 temporis
784 1955 946 2002 confugia
963 1958 997 1991 in
1016 1958 1207 2004 exemplum
1224 1959 1492 2005 adpellationum
1517 1964 1605 1999 trahi
1630 1964 1710 2011 pos-

106 2007 200 2045 sunt:
227 2007 306 2042 haec
325 2007 414 2041 enim
432 2017 494 2051 por
512 2005 544 2040 id
564 2005 728 2051 temporis
748 2005 835 2052 gesta
855 2004 948 2046 sunt,
976 2018 1013 2041 ut
1029 2005 1117 2041 reete
1135 2010 1168 2042 in
1189 2010 1277 2044 notis
1294 2011 1335 2045 ad
1352 2011 1438 2046 hanc
1453 2012 1626 2059 epistolam
1649 2014 1710 2050 ob-

73 2079 86 2101 R·
105 2057 274 2097 servatur,
303 2068 372 2100 quo
392 2055 550 2101 nonnulli
571 2055 723 2090 Africani
743 2056 782 2090 ad
812 2055 1002 2101 exemplum
1019 2058 1149 2103 Apiarii
1167 2061 1308 2094 Romam
1334 2061 1504 2107 adpellare
1531 2072 1709 2110 coeperant

107 2106 168 2148 sub
185 2104 387 2153 pontificatu
399 2102 582 2145 Bonifacii,
613 2117 644 2140 et
666 2106 766 2140 initio
776 2104 973 2144 Coelestini‚
1001 2118 1070 2151 quo
1087 2118 1245 2154 tempore
1270 2109 1426 2146 nondum
1444 2114 1590 2147 Nicaeni
1610 2126 1708 2148 cano-

108 2169 164 2192 nes
181 2158 215 2191 in
232 2154 384 2192 Africam
402 2167 419 2189 a
436 2154 551 2200 legatis
568 2156 601 2189 in
619 2155 783 2191 orientem
805 2153 905 2190 mistis
932 2155 1030 2190 delati
1048 2155 1202 2199 fuerant,
1230 2156 1476 2206 statuerantque
1501 2162 1549 2197 illi
1573 2175 1645 2197 tum
1670 2166 1708 2198 in

109 2204 201 2249 epist.
220 2206 262 2241 ad
279 2202 494 2241 Bonifacium
514 2216 597 2240 tom.
618 2218 647 2241 2.
666 2217 759 2240 conc.
781 2205 844 2241 col.
870 2218 883 2239 1
895 2218 973 2248 141.
988 2217 1061 2241 tum
1078 2207 1113 2242 in
1130 2219 1256 2243 canone
1271 2221 1302 2250 4.
1317 2210 1453 2245 concilii
1464 2211 1710 2257 Carthaginen-

111 2252 152 2289 fis
173 2257 204 2288 6,
221 2253 252 2289 se
269 2253 475 2292 Sardicenses
496 2265 659 2298 canones,
712 2256 770 2301 qui
789 2256 928 2292 nomine
946 2257 1183 2294 Nicaenorum
1210 2257 1497 2303 obtrudebantur,
1550 2260 1713 2308 tantisper

1000 2307 1037 2340 T
1081 2318 1098 2340 2
1161 2321 1164 2329 ·
1553 2309 1662 2346 serva-
