<?xml version="1.0" encoding="UTF-8"?>
<!DOCTYPE html PUBLIC "-//W3C//DTD XHTML 1.0 Transitional//EN"
    "http://www.w3.org/TR/xhtml1/DTD/xhtml1-transitional.dtd">
<html xmlns="http://www.w3.org/1999/xhtml" xml:lang="en" lang="en">
 <head>
  <title>
</title>
<meta http-equiv="Content-Type" content="text/html;charset=utf-8" />
  <meta name='ocr-system' content='tesseract 3.04.00' />
  <meta name='ocr-capabilities' content='ocr_page ocr_carea ocr_par ocr_line ocrx_word'/>
</head>
<body>
  <div class='ocr_page' id='page_1' title='image "./deantiquaecclesi00dupiuoft_0502.png"; bbox 0 0 1940 2728; ppageno 0'>
   <div class='ocr_carea' id='block_1_1' title="bbox 235 173 1562 226">
    <p class='ocr_par' dir='ltr' id='par_1_1' title="bbox 235 173 1562 226">
     <span class='ocr_line' id='line_1_1' title="bbox 235 173 1562 226; baseline -0.002 -12"><span class='ocrx_word' id='word_1_1' title='bbox 235 190 308 226; x_wconf 66' lang='lat'>474</span> <span class='ocrx_word' id='word_1_2' title='bbox 510 176 581 213; x_wconf 87' lang='lat' dir='ltr'>DE</span> <span class='ocrx_word' id='word_1_3' title='bbox 606 173 880 219; x_wconf 81' lang='lat' dir='ltr'><strong>ANTIQVA</strong></span> <span class='ocrx_word' id='word_1_4' title='bbox 906 173 1194 211; x_wconf 83' lang='lat' dir='ltr'><strong>ECCLESIAE</strong></span> <span class='ocrx_word' id='word_1_5' title='bbox 1220 173 1562 221; x_wconf 70' lang='lat' dir='ltr'>DISCIPLjINA</span> 
     </span>
    </p>
   </div>
   <div class='ocr_carea' id='block_1_2' title="bbox 185 234 1806 315">
    <p class='ocr_par' dir='ltr' id='par_1_2' title="bbox 185 234 1806 315">
     <span class='ocr_line' id='line_1_2' title="bbox 185 234 1806 315; baseline -0.004 -13"><span class='ocrx_word' id='word_1_6' title='bbox 185 266 314 315; x_wconf 68' lang='lat' dir='ltr'>probat</span> <span class='ocrx_word' id='word_1_7' title='bbox 330 264 470 300; x_wconf 85' lang='lat' dir='ltr'>clericos</span> <span class='ocrx_word' id='word_1_8' title='bbox 499 264 577 311; x_wconf 80' lang='lat' dir='ltr'>jure</span> <span class='ocrx_word' id='word_1_9' title='bbox 606 234 725 299; x_wconf 63' lang='lat' dir='ltr'>diirino</span> <span class='ocrx_word' id='word_1_10' title='bbox 747 274 780 300; x_wconf 88' lang='lat' dir='ltr'>et</span> <span class='ocrx_word' id='word_1_11' title='bbox 804 261 948 299; x_wconf 84' lang='lat' dir='ltr'>naturali</span> <span class='ocrx_word' id='word_1_12' title='bbox 974 274 992 298; x_wconf 88' lang='lat' dir='ltr'>a</span> <span class='ocrx_word' id='word_1_13' title='bbox 1016 261 1152 310; x_wconf 79' lang='lat' dir='ltr'>judiciis</span> <span class='ocrx_word' id='word_1_14' title='bbox 1179 260 1337 297; x_wconf 87' lang='lat' dir='ltr'>civilibus</span> <span class='ocrx_word' id='word_1_15' title='bbox 1362 260 1422 297; x_wconf 80' lang='lat' dir='ltr'>effe</span> <span class='ocrx_word' id='word_1_16' title='bbox 1446 262 1637 300; x_wconf 83' lang='lat' dir='ltr'>immunes,</span> <span class='ocrx_word' id='word_1_17' title='bbox 1663 261 1736 297; x_wconf 90' lang='lat' dir='ltr'>imo</span> <span class='ocrx_word' id='word_1_18' title='bbox 1763 272 1806 296; x_wconf 91' lang='lat' dir='ltr'>ne</span> 
     </span>
    </p>
   </div>
   <div class='ocr_carea' id='block_1_3' title="bbox 176 310 1806 864">
    <p class='ocr_par' dir='ltr' id='par_1_3' title="bbox 176 310 1806 713">
     <span class='ocr_line' id='line_1_3' title="bbox 184 310 1802 363; baseline -0.005 -11"><span class='ocrx_word' id='word_1_19' title='bbox 184 317 326 363; x_wconf 82' lang='lat' dir='ltr'>quidem</span> <span class='ocrx_word' id='word_1_20' title='bbox 346 315 411 350; x_wconf 87' lang='lat' dir='ltr'>hoc</span> <span class='ocrx_word' id='word_1_21' title='bbox 426 315 552 361; x_wconf 84' lang='lat' dir='ltr'>probat</span> <span class='ocrx_word' id='word_1_22' title='bbox 569 314 683 349; x_wconf 86' lang='lat' dir='ltr'>nullos</span> <span class='ocrx_word' id='word_1_23' title='bbox 702 312 786 349; x_wconf 83' lang='lat' dir='ltr'>alios</span> <span class='ocrx_word' id='word_1_24' title='bbox 803 311 865 349; x_wconf 82' lang='lat' dir='ltr'>effe</span> <span class='ocrx_word' id='word_1_25' title='bbox 883 310 1031 360; x_wconf 77' lang='lat' dir='ltr'>potuisse</span> <span class='ocrx_word' id='word_1_26' title='bbox 1048 310 1124 358; x_wconf 89' lang='lat' dir='ltr'>post</span> <span class='ocrx_word' id='word_1_27' title='bbox 1143 310 1217 346; x_wconf 83' lang='lat' dir='ltr'>istas</span> <span class='ocrx_word' id='word_1_28' title='bbox 1234 311 1324 358; x_wconf 87' lang='lat' dir='ltr'>leges</span> <span class='ocrx_word' id='word_1_29' title='bbox 1342 313 1377 345; x_wconf 88' lang='lat' dir='ltr'>in</span> <span class='ocrx_word' id='word_1_30' title='bbox 1397 310 1500 346; x_wconf 79' lang='lat' dir='ltr'>caulis</span> <span class='ocrx_word' id='word_1_31' title='bbox 1526 311 1728 346; x_wconf 87' lang='lat' dir='ltr'>clericorum</span> <span class='ocrx_word' id='word_1_32' title='bbox 1756 312 1802 345; x_wconf 86' lang='lat' dir='ltr'>ci-</span> 
     </span>
     <span class='ocr_line' id='line_1_4' title="bbox 182 359 1805 412; baseline -0.005 -10"><span class='ocrx_word' id='word_1_33' title='bbox 182 367 310 403; x_wconf 82' lang='lat' dir='ltr'>vilibus</span> <span class='ocrx_word' id='word_1_34' title='bbox 329 364 480 412; x_wconf 82' lang='lat' dir='ltr'>judices,</span> <span class='ocrx_word' id='word_1_35' title='bbox 508 376 611 409; x_wconf 86' lang='lat' dir='ltr'>quam</span> <span class='ocrx_word' id='word_1_36' title='bbox 628 361 824 410; x_wconf 86' lang='lat' dir='ltr'>episcopos:</span> <span class='ocrx_word' id='word_1_37' title='bbox 853 375 932 398; x_wconf 86' lang='lat' dir='ltr'>nam</span> <span class='ocrx_word' id='word_1_38' title='bbox 950 373 989 397; x_wconf 93' lang='lat' dir='ltr'>ut</span> <span class='ocrx_word' id='word_1_39' title='bbox 1017 360 1274 397; x_wconf 78' lang='lat' dir='ltr'>observavimus</span> <span class='ocrx_word' id='word_1_40' title='bbox 1291 386 1299 402; x_wconf 92' lang='lat'>,</span> <span class='ocrx_word' id='word_1_41' title='bbox 1335 359 1452 396; x_wconf 86' lang='lat' dir='ltr'>iisdem</span> <span class='ocrx_word' id='word_1_42' title='bbox 1485 361 1619 407; x_wconf 89' lang='lat' dir='ltr'>legibus</span> <span class='ocrx_word' id='word_1_43' title='bbox 1653 359 1805 407; x_wconf 85' lang='lat' dir='ltr'>episcopi</span> 
     </span>
     <span class='ocr_line' id='line_1_5' title="bbox 181 409 1804 458; baseline -0.004 -7"><span class='ocrx_word' id='word_1_44' title='bbox 181 415 439 452; x_wconf 64' lang='lat' dir='ltr'>constituuntur</span> <span class='ocrx_word' id='word_1_45' title='bbox 457 425 589 449; x_wconf 88' lang='lat' dir='ltr'>tantum</span> <span class='ocrx_word' id='word_1_46' title='bbox 617 425 655 449; x_wconf 92' lang='lat' dir='ltr'>ut</span> <span class='ocrx_word' id='word_1_47' title='bbox 676 411 814 454; x_wconf 83' lang='lat' dir='ltr'>arbitri,</span> <span class='ocrx_word' id='word_1_48' title='bbox 833 424 864 448; x_wconf 92' lang='lat' dir='ltr'>et</span> <span class='ocrx_word' id='word_1_49' title='bbox 880 411 903 448; x_wconf 87' lang='lat' dir='ltr'>fi</span> <span class='ocrx_word' id='word_1_50' title='bbox 922 411 1062 447; x_wconf 88' lang='lat' dir='ltr'>illorum</span> <span class='ocrx_word' id='word_1_51' title='bbox 1081 411 1209 458; x_wconf 75' lang='lat' dir='ltr'>judicio</span> <span class='ocrx_word' id='word_1_52' title='bbox 1227 410 1312 447; x_wconf 86' lang='lat' dir='ltr'>stare</span> <span class='ocrx_word' id='word_1_53' title='bbox 1331 412 1407 456; x_wconf 88' lang='lat' dir='ltr'>quis</span> <span class='ocrx_word' id='word_1_54' title='bbox 1429 410 1525 451; x_wconf 89' lang='lat' dir='ltr'>nolit,</span> <span class='ocrx_word' id='word_1_55' title='bbox 1551 409 1646 457; x_wconf 88' lang='lat' dir='ltr'>apud</span> <span class='ocrx_word' id='word_1_56' title='bbox 1675 410 1804 457; x_wconf 75' lang='lat' dir='ltr'>judices</span> 
     </span>
     <span class='ocr_line' id='line_1_6' title="bbox 181 458 1805 510; baseline -0.004 -9"><span class='ocrx_word' id='word_1_57' title='bbox 181 465 363 502; x_wconf 76' lang='lat' dir='ltr'>saeculares</span> <span class='ocrx_word' id='word_1_58' title='bbox 383 462 479 500; x_wconf 84' lang='lat' dir='ltr'>causa</span> <span class='ocrx_word' id='word_1_59' title='bbox 496 462 604 510; x_wconf 88' lang='lat' dir='ltr'>potest</span> <span class='ocrx_word' id='word_1_60' title='bbox 622 462 761 509; x_wconf 86' lang='lat' dir='ltr'>agitari,</span> <span class='ocrx_word' id='word_1_61' title='bbox 790 463 942 507; x_wconf 89' lang='lat' dir='ltr'>itemque</span> <span class='ocrx_word' id='word_1_62' title='bbox 966 473 1111 497; x_wconf 85' lang='lat' dir='ltr'>canones</span> <span class='ocrx_word' id='word_1_63' title='bbox 1132 472 1250 504; x_wconf 51' lang='lat' dir='ltr'>⁴vetant</span> <span class='ocrx_word' id='word_1_64' title='bbox 1277 460 1439 506; x_wconf 85' lang='lat' dir='ltr'>equidem</span> <span class='ocrx_word' id='word_1_65' title='bbox 1464 458 1597 496; x_wconf 82' lang='lat' dir='ltr'>causam</span> <span class='ocrx_word' id='word_1_66' title='bbox 1625 458 1738 495; x_wconf 84' lang='lat' dir='ltr'>clerici</span> <span class='ocrx_word' id='word_1_67' title='bbox 1761 459 1805 494; x_wconf 83' lang='lat' dir='ltr'>ad</span> 
     </span>
     <span class='ocr_line' id='line_1_7' title="bbox 180 508 1805 560; baseline -0.004 -10"><span class='ocrx_word' id='word_1_68' title='bbox 180 516 266 550; x_wconf 78' lang='lat' dir='ltr'>alios</span> <span class='ocrx_word' id='word_1_69' title='bbox 288 515 459 560; x_wconf 79' lang='lat' dir='ltr'>primum,</span> <span class='ocrx_word' id='word_1_70' title='bbox 489 526 592 558; x_wconf 89' lang='lat' dir='ltr'>quam</span> <span class='ocrx_word' id='word_1_71' title='bbox 612 511 793 559; x_wconf 87' lang='lat' dir='ltr'>episcopos</span> <span class='ocrx_word' id='word_1_72' title='bbox 812 509 959 550; x_wconf 86' lang='lat' dir='ltr'>deferri,</span> <span class='ocrx_word' id='word_1_73' title='bbox 985 522 1018 546; x_wconf 91' lang='lat' dir='ltr'>at</span> <span class='ocrx_word' id='word_1_74' title='bbox 1037 523 1107 547; x_wconf 92' lang='lat' dir='ltr'>non</span> <span class='ocrx_word' id='word_1_75' title='bbox 1126 521 1258 552; x_wconf 88' lang='lat' dir='ltr'>vetant,</span> <span class='ocrx_word' id='word_1_76' title='bbox 1285 522 1337 552; x_wconf 77' lang='lat' dir='ltr'>ne,</span> <span class='ocrx_word' id='word_1_77' title='bbox 1355 511 1416 557; x_wconf 88' lang='lat' dir='ltr'>qui</span> <span class='ocrx_word' id='word_1_78' title='bbox 1433 509 1473 545; x_wconf 85' lang='lat' dir='ltr'>ab</span> <span class='ocrx_word' id='word_1_79' title='bbox 1493 508 1654 557; x_wconf 85' lang='lat' dir='ltr'>episcopo</span> <span class='ocrx_word' id='word_1_80' title='bbox 1673 509 1748 556; x_wconf 81' lang='lat' dir='ltr'>jure</span> <span class='ocrx_word' id='word_1_81' title='bbox 1762 509 1805 543; x_wconf 86' lang='lat' dir='ltr'>ci·</span> 
     </span>
     <span class='ocr_line' id='line_1_8' title="bbox 181 556 1803 610; baseline -0.004 -11"><span class='ocrx_word' id='word_1_82' title='bbox 181 565 244 599; x_wconf 84' lang='lat' dir='ltr'>vili</span> <span class='ocrx_word' id='word_1_83' title='bbox 264 564 440 599; x_wconf 89' lang='lat' dir='ltr'>damnatus</span> <span class='ocrx_word' id='word_1_84' title='bbox 453 587 462 600; x_wconf 89' lang='lat'>‚</span> <span class='ocrx_word' id='word_1_85' title='bbox 487 562 527 597; x_wconf 84' lang='lat' dir='ltr'>ad</span> <span class='ocrx_word' id='word_1_86' title='bbox 549 562 731 598; x_wconf 84' lang='lat' dir='ltr'>saeculares</span> <span class='ocrx_word' id='word_1_87' title='bbox 753 561 883 610; x_wconf 78' lang='lat' dir='ltr'>judices</span> <span class='ocrx_word' id='word_1_88' title='bbox 901 572 1063 598; x_wconf 84' lang='lat' dir='ltr'>recurrat.</span> <span class='ocrx_word' id='word_1_89' title='bbox 1116 563 1271 605; x_wconf 82' lang='lat' dir='ltr'>Itemque</span> <span class='ocrx_word' id='word_1_90' title='bbox 1290 572 1358 596; x_wconf 89' lang='lat' dir='ltr'>non</span> <span class='ocrx_word' id='word_1_91' title='bbox 1376 561 1560 595; x_wconf 86' lang='lat' dir='ltr'>decernunt</span> <span class='ocrx_word' id='word_1_92' title='bbox 1587 556 1803 606; x_wconf 84' lang='lat' dir='ltr'>magistratus</span> 
     </span>
     <span class='ocr_line' id='line_1_9' title="bbox 180 607 1806 660; baseline -0.005 -11"><span class='ocrx_word' id='word_1_93' title='bbox 180 612 277 660; x_wconf 82' lang='lat' dir='ltr'>ipsos</span> <span class='ocrx_word' id='word_1_94' title='bbox 296 625 367 648; x_wconf 86' lang='lat' dir='ltr'>non</span> <span class='ocrx_word' id='word_1_95' title='bbox 384 610 478 659; x_wconf 82' lang='lat' dir='ltr'>poffe</span> <span class='ocrx_word' id='word_1_96' title='bbox 497 611 732 657; x_wconf 86' lang='lat' dir='ltr'>delinquentes</span> <span class='ocrx_word' id='word_1_97' title='bbox 751 611 890 648; x_wconf 86' lang='lat' dir='ltr'>clericos</span> <span class='ocrx_word' id='word_1_98' title='bbox 916 611 1076 646; x_wconf 74' lang='lat' dir='ltr'>damnare</span> <span class='ocrx_word' id='word_1_99' title='bbox 1100 620 1131 645; x_wconf 93' lang='lat' dir='ltr'>et</span> <span class='ocrx_word' id='word_1_100' title='bbox 1146 611 1288 657; x_wconf 85' lang='lat' dir='ltr'>punire,</span> <span class='ocrx_word' id='word_1_101' title='bbox 1315 609 1370 646; x_wconf 87' lang='lat' dir='ltr'>sed</span> <span class='ocrx_word' id='word_1_102' title='bbox 1397 610 1439 646; x_wconf 84' lang='lat' dir='ltr'>ad</span> <span class='ocrx_word' id='word_1_103' title='bbox 1463 608 1592 657; x_wconf 78' lang='lat' dir='ltr'>singula</span> <span class='ocrx_word' id='word_1_104' title='bbox 1614 607 1806 645; x_wconf 83' lang='lat' dir='ltr'>testimonia</span> 
     </span>
     <span class='ocr_line' id='line_1_10' title="bbox 176 672 638 713; baseline -0.009 -13"><span class='ocrx_word' id='word_1_105' title='bbox 176 675 287 713; x_wconf 77' lang='lat' dir='ltr'>pauca</span> <span class='ocrx_word' id='word_1_106' title='bbox 304 674 471 710; x_wconf 85' lang='lat' dir='ltr'>reponere</span> <span class='ocrx_word' id='word_1_107' title='bbox 487 672 638 707; x_wconf 84' lang='lat' dir='ltr'>oportet.</span> 
     </span>
    </p>

    <p class='ocr_par' dir='ltr' id='par_1_4' title="bbox 177 716 1805 864">
     <span class='ocr_line' id='line_1_11' title="bbox 329 716 1805 768; baseline -0.006 -7"><span class='ocrx_word' id='word_1_108' title='bbox 329 727 414 761; x_wconf 90' lang='lat' dir='ltr'>Can.</span> <span class='ocrx_word' id='word_1_109' title='bbox 437 737 470 768; x_wconf 81' lang='lat'>9.</span> <span class='ocrx_word' id='word_1_110' title='bbox 485 721 622 758; x_wconf 83' lang='lat' dir='ltr'>concilii</span> <span class='ocrx_word' id='word_1_111' title='bbox 641 720 758 756; x_wconf 83' lang='lat' dir='ltr'>Carth.</span> <span class='ocrx_word' id='word_1_112' title='bbox 786 731 815 763; x_wconf 81' lang='lat'>3.</span> <span class='ocrx_word' id='word_1_113' title='bbox 834 720 876 753; x_wconf 87' lang='lat' dir='ltr'>de</span> <span class='ocrx_word' id='word_1_114' title='bbox 896 720 937 753; x_wconf 85' lang='lat' dir='ltr'>iis</span> <span class='ocrx_word' id='word_1_115' title='bbox 955 729 1088 753; x_wconf 84' lang='lat' dir='ltr'>tantum</span> <span class='ocrx_word' id='word_1_116' title='bbox 1105 718 1262 762; x_wconf 87' lang='lat' dir='ltr'>loquitur</span> <span class='ocrx_word' id='word_1_117' title='bbox 1288 717 1435 756; x_wconf 84' lang='lat' dir='ltr'>clericis,</span> <span class='ocrx_word' id='word_1_118' title='bbox 1464 718 1524 762; x_wconf 89' lang='lat' dir='ltr'>qui</span> <span class='ocrx_word' id='word_1_119' title='bbox 1549 716 1646 752; x_wconf 87' lang='lat' dir='ltr'>causa</span> <span class='ocrx_word' id='word_1_120' title='bbox 1662 718 1805 752; x_wconf 81' lang='lat' dir='ltr'>intenta·</span> 
     </span>
     <span class='ocr_line' id='line_1_12' title="bbox 179 765 1802 817; baseline -0.007 -5"><span class='ocrx_word' id='word_1_121' title='bbox 179 786 213 812; x_wconf 75' lang='lat' dir='ltr'>ta</span> <span class='ocrx_word' id='word_1_122' title='bbox 229 786 289 810; x_wconf 89' lang='lat' dir='ltr'>nec</span> <span class='ocrx_word' id='word_1_123' title='bbox 313 774 398 809; x_wconf 86' lang='lat' dir='ltr'>dum</span> <span class='ocrx_word' id='word_1_124' title='bbox 414 773 561 817; x_wconf 72' lang='lat' dir='ltr'>judicata</span> <span class='ocrx_word' id='word_1_125' title='bbox 583 772 619 804; x_wconf 90' lang='lat' dir='ltr'>in</span> <span class='ocrx_word' id='word_1_126' title='bbox 652 767 801 802; x_wconf 90' lang='lat' dir='ltr'>concilio</span> <span class='ocrx_word' id='word_1_127' title='bbox 831 765 1045 802; x_wconf 79' lang='lat' dir='ltr'>ecclefiastico</span> <span class='ocrx_word' id='word_1_128' title='bbox 1071 766 1112 801; x_wconf 89' lang='lat' dir='ltr'>ad</span> <span class='ocrx_word' id='word_1_129' title='bbox 1147 765 1313 802; x_wconf 88' lang='lat' dir='ltr'>saeculare</span> <span class='ocrx_word' id='word_1_130' title='bbox 1339 766 1506 811; x_wconf 77' lang='lat' dir='ltr'>judicium</span> <span class='ocrx_word' id='word_1_131' title='bbox 1531 765 1802 812; x_wconf 81' lang='lat' dir='ltr'>confugiebant3</span> 
     </span>
     <span class='ocr_line' id='line_1_13' title="bbox 177 811 1803 864; baseline -0.006 -4"><span class='ocrx_word' id='word_1_132' title='bbox 177 837 250 861; x_wconf 81' lang='lat' dir='ltr'>non</span> <span class='ocrx_word' id='word_1_133' title='bbox 269 835 383 859; x_wconf 84' lang='lat' dir='ltr'>autem</span> <span class='ocrx_word' id='word_1_134' title='bbox 401 822 441 857; x_wconf 91' lang='lat' dir='ltr'>de</span> <span class='ocrx_word' id='word_1_135' title='bbox 463 822 521 860; x_wconf 89' lang='lat' dir='ltr'>iis,</span> <span class='ocrx_word' id='word_1_136' title='bbox 551 819 610 864; x_wconf 91' lang='lat' dir='ltr'>qui</span> <span class='ocrx_word' id='word_1_137' title='bbox 629 815 762 853; x_wconf 86' lang='lat' dir='ltr'>causam</span> <span class='ocrx_word' id='word_1_138' title='bbox 779 817 938 863; x_wconf 81' lang='lat' dir='ltr'>primum</span> <span class='ocrx_word' id='word_1_139' title='bbox 957 816 1000 852; x_wconf 87' lang='lat' dir='ltr'>ad</span> <span class='ocrx_word' id='word_1_140' title='bbox 1017 815 1147 864; x_wconf 81' lang='lat' dir='ltr'>judices</span> <span class='ocrx_word' id='word_1_141' title='bbox 1171 815 1286 852; x_wconf 86' lang='lat' dir='ltr'>civiles</span> <span class='ocrx_word' id='word_1_142' title='bbox 1315 811 1489 849; x_wconf 85' lang='lat' dir='ltr'>deferrent</span> <span class='ocrx_word' id='word_1_143' title='bbox 1502 839 1512 856; x_wconf 92' lang='lat'>,</span> <span class='ocrx_word' id='word_1_144' title='bbox 1549 824 1607 849; x_wconf 89' lang='lat' dir='ltr'>aut</span> <span class='ocrx_word' id='word_1_145' title='bbox 1625 828 1644 850; x_wconf 93' lang='lat' dir='ltr'>a</span> <span class='ocrx_word' id='word_1_146' title='bbox 1667 815 1803 864; x_wconf 87' lang='lat' dir='ltr'>judicio</span> 
     </span>
    </p>
   </div>
   <div class='ocr_carea' id='block_1_4' title="bbox 175 871 1804 1076">
    <p class='ocr_par' dir='ltr' id='par_1_5' title="bbox 177 871 1115 922">
     <span class='ocr_line' id='line_1_14' title="bbox 177 871 1115 922; baseline -0.013 -11"><span class='ocrx_word' id='word_1_147' title='bbox 177 871 395 922; x_wconf 76' lang='lat' dir='ltr'>eccleliastico</span> <span class='ocrx_word' id='word_1_148' title='bbox 422 879 663 917; x_wconf 86' lang='lat' dir='ltr'>provocarent.</span> <span class='ocrx_word' id='word_1_149' title='bbox 1112 897 1115 899; x_wconf 90' lang='grc'><em>,</em></span> 
     </span>
    </p>

    <p class='ocr_par' dir='ltr' id='par_1_6' title="bbox 175 921 1804 1076">
     <span class='ocr_line' id='line_1_15' title="bbox 329 921 1804 972; baseline -0.007 -4"><span class='ocrx_word' id='word_1_150' title='bbox 329 930 521 968; x_wconf 84' lang='lat' dir='ltr'>Concilium</span> <span class='ocrx_word' id='word_1_151' title='bbox 539 924 812 964; x_wconf 85' lang='lat' dir='ltr'>Chalcedonense</span> <span class='ocrx_word' id='word_1_152' title='bbox 829 925 922 963; x_wconf 81' lang='lat' dir='ltr'>addit</span> <span class='ocrx_word' id='word_1_153' title='bbox 937 924 1014 972; x_wconf 88' lang='lat' dir='ltr'>post</span> <span class='ocrx_word' id='word_1_154' title='bbox 1030 924 1132 961; x_wconf 87' lang='lat' dir='ltr'>verba</span> <span class='ocrx_word' id='word_1_155' title='bbox 1150 926 1249 961; x_wconf 80' lang='lat' dir='ltr'>citata</span> <span class='ocrx_word' id='word_1_156' title='bbox 1267 925 1302 959; x_wconf 91' lang='lat' dir='ltr'>in</span> <span class='ocrx_word' id='word_1_157' title='bbox 1314 921 1521 971; x_wconf 75' lang='lat' dir='ltr'>objeffione‚</span> <span class='ocrx_word' id='word_1_158' title='bbox 1532 921 1596 968; x_wconf 81' lang='lat' dir='ltr'>sed</span> <span class='ocrx_word' id='word_1_159' title='bbox 1610 924 1712 970; x_wconf 84' lang='lat' dir='ltr'>prius</span> <span class='ocrx_word' id='word_1_160' title='bbox 1724 932 1804 957; x_wconf 74' lang='lat' dir='ltr'>ven-</span> 
     </span>
     <span class='ocr_line' id='line_1_16' title="bbox 175 971 1804 1028; baseline -0.009 -8"><span class='ocrx_word' id='word_1_161' title='bbox 175 985 298 1021; x_wconf 74' lang='lat' dir='ltr'>tiletur</span> <span class='ocrx_word' id='word_1_162' title='bbox 316 993 368 1017; x_wconf 75' lang='lat' dir='ltr'>res</span> <span class='ocrx_word' id='word_1_163' title='bbox 385 980 478 1028; x_wconf 83' lang='lat' dir='ltr'>apud</span> <span class='ocrx_word' id='word_1_164' title='bbox 490 981 668 1026; x_wconf 80' lang='lat' dir='ltr'>proprium</span> <span class='ocrx_word' id='word_1_165' title='bbox 687 979 886 1025; x_wconf 82' lang='lat' dir='ltr'>episcopum.</span> <span class='ocrx_word' id='word_1_166' title='bbox 941 979 1037 1023; x_wconf 90' lang='lat' dir='ltr'>Ergo</span> <span class='ocrx_word' id='word_1_167' title='bbox 1055 974 1132 1023; x_wconf 87' lang='lat' dir='ltr'>post</span> <span class='ocrx_word' id='word_1_168' title='bbox 1149 975 1252 1023; x_wconf 84' lang='lat' dir='ltr'>hujus</span> <span class='ocrx_word' id='word_1_169' title='bbox 1278 974 1516 1021; x_wconf 87' lang='lat' dir='ltr'>cognitionem</span> <span class='ocrx_word' id='word_1_170' title='bbox 1542 971 1653 1020; x_wconf 88' lang='lat' dir='ltr'>potest</span> <span class='ocrx_word' id='word_1_171' title='bbox 1675 982 1804 1019; x_wconf 91' lang='lat' dir='ltr'>provo-</span> 
     </span>
     <span class='ocr_line' id='line_1_17' title="bbox 176 1027 1349 1076; baseline -0.012 -6"><span class='ocrx_word' id='word_1_172' title='bbox 176 1033 267 1071; x_wconf 76' lang='lat' dir='ltr'>catio</span> <span class='ocrx_word' id='word_1_173' title='bbox 285 1029 360 1067; x_wconf 87' lang='lat' dir='ltr'>fieri</span> <span class='ocrx_word' id='word_1_174' title='bbox 375 1031 416 1066; x_wconf 84' lang='lat' dir='ltr'>ad</span> <span class='ocrx_word' id='word_1_175' title='bbox 437 1028 617 1065; x_wconf 84' lang='lat' dir='ltr'>saecularia</span> <span class='ocrx_word' id='word_1_176' title='bbox 633 1027 768 1076; x_wconf 80' lang='lat' dir='ltr'>judicia.</span> <span class='ocrx_word' id='word_1_177' title='bbox 1346 1054 1349 1056; x_wconf 75' lang='grc'>,</span> 
     </span>
    </p>
   </div>
   <div class='ocr_carea' id='block_1_5' title="bbox 169 1096 1802 1205">
    <p class='ocr_par' dir='ltr' id='par_1_7' title="bbox 169 1096 1802 1205">
     <span class='ocr_line' id='line_1_18' title="bbox 329 1096 1802 1147; baseline -0.007 -7"><span class='ocrx_word' id='word_1_178' title='bbox 329 1101 524 1140; x_wconf 86' lang='lat' dir='ltr'>Concilium</span> <span class='ocrx_word' id='word_1_179' title='bbox 543 1099 734 1147; x_wconf 77' lang='lat' dir='ltr'>Agathense</span> <span class='ocrx_word' id='word_1_180' title='bbox 752 1098 845 1134; x_wconf 80' lang='lat' dir='ltr'>addit</span> <span class='ocrx_word' id='word_1_181' title='bbox 862 1111 1019 1144; x_wconf 87' lang='lat' dir='ltr'>quoque,</span> <span class='ocrx_word' id='word_1_182' title='bbox 1047 1111 1086 1135; x_wconf 89' lang='lat' dir='ltr'>ut</span> <span class='ocrx_word' id='word_1_183' title='bbox 1102 1099 1125 1135; x_wconf 87' lang='lat' dir='ltr'>fi</span> <span class='ocrx_word' id='word_1_184' title='bbox 1142 1097 1295 1146; x_wconf 86' lang='lat' dir='ltr'>pulsatus</span> <span class='ocrx_word' id='word_1_185' title='bbox 1318 1096 1425 1135; x_wconf 85' lang='lat' dir='ltr'>fuerit</span> <span class='ocrx_word' id='word_1_186' title='bbox 1449 1097 1589 1135; x_wconf 88' lang='lat' dir='ltr'>clericus</span> <span class='ocrx_word' id='word_1_187' title='bbox 1608 1122 1618 1140; x_wconf 86' lang='lat'>‚</span> <span class='ocrx_word' id='word_1_188' title='bbox 1650 1098 1721 1145; x_wconf 78' lang='lat' dir='ltr'>ipse</span> <span class='ocrx_word' id='word_1_189' title='bbox 1746 1108 1802 1134; x_wconf 82' lang='lat' dir='ltr'>re.</span> 
     </span>
     <span class='ocr_line' id='line_1_19' title="bbox 169 1147 1449 1205; baseline -0.007 -13"><span class='ocrx_word' id='word_1_190' title='bbox 169 1154 334 1205; x_wconf 69' lang='lat' dir='ltr'>spondeat</span> <span class='ocrx_word' id='word_1_191' title='bbox 352 1165 461 1190; x_wconf 86' lang='lat' dir='ltr'>coram</span> <span class='ocrx_word' id='word_1_192' title='bbox 485 1152 687 1201; x_wconf 78' lang='lat' dir='ltr'>magistratu</span> <span class='ocrx_word' id='word_1_193' title='bbox 722 1151 839 1187; x_wconf 85' lang='lat' dir='ltr'>civili,</span> <span class='ocrx_word' id='word_1_194' title='bbox 857 1149 922 1194; x_wconf 85' lang='lat' dir='ltr'>sed</span> <span class='ocrx_word' id='word_1_195' title='bbox 947 1152 1018 1198; x_wconf 79' lang='lat' dir='ltr'>ipse</span> <span class='ocrx_word' id='word_1_196' title='bbox 1034 1163 1100 1186; x_wconf 82' lang='lat' dir='ltr'>non</span> <span class='ocrx_word' id='word_1_197' title='bbox 1114 1147 1296 1198; x_wconf 76' lang='lat' dir='ltr'>proponat.</span> <span class='ocrx_word' id='word_1_198' title='bbox 1445 1154 1449 1157; x_wconf 85' lang='lat'>&#39;</span> 
     </span>
    </p>
   </div>
   <div class='ocr_carea' id='block_1_6' title="bbox 173 1222 1802 1578">
    <p class='ocr_par' dir='ltr' id='par_1_8' title="bbox 173 1222 1802 1475">
     <span class='ocr_line' id='line_1_20' title="bbox 326 1222 1802 1274; baseline -0.003 -9"><span class='ocrx_word' id='word_1_199' title='bbox 326 1233 394 1265; x_wconf 86' lang='lat' dir='ltr'>Lex</span> <span class='ocrx_word' id='word_1_200' title='bbox 416 1240 448 1273; x_wconf 87' lang='lat'>7.</span> <span class='ocrx_word' id='word_1_201' title='bbox 469 1228 510 1263; x_wconf 89' lang='lat' dir='ltr'>de</span> <span class='ocrx_word' id='word_1_202' title='bbox 529 1226 699 1274; x_wconf 88' lang='lat' dir='ltr'>episcopis</span> <span class='ocrx_word' id='word_1_203' title='bbox 717 1237 787 1260; x_wconf 91' lang='lat' dir='ltr'>non</span> <span class='ocrx_word' id='word_1_204' title='bbox 803 1234 909 1264; x_wconf 89' lang='lat' dir='ltr'>vetat,</span> <span class='ocrx_word' id='word_1_205' title='bbox 936 1223 1077 1260; x_wconf 91' lang='lat' dir='ltr'>clericos</span> <span class='ocrx_word' id='word_1_206' title='bbox 1094 1222 1241 1260; x_wconf 86' lang='lat' dir='ltr'>accusari</span> <span class='ocrx_word' id='word_1_207' title='bbox 1258 1224 1351 1271; x_wconf 89' lang='lat' dir='ltr'>apud</span> <span class='ocrx_word' id='word_1_208' title='bbox 1369 1222 1498 1272; x_wconf 79' lang='lat' dir='ltr'>judices</span> <span class='ocrx_word' id='word_1_209' title='bbox 1527 1223 1726 1266; x_wconf 85' lang='lat' dir='ltr'>saeculares,</span> <span class='ocrx_word' id='word_1_210' title='bbox 1738 1223 1802 1270; x_wconf 76' lang='lat' dir='ltr'>sed</span> 
     </span>
     <span class='ocr_line' id='line_1_21' title="bbox 175 1274 1800 1321; baseline -0.004 -5"><span class='ocrx_word' id='word_1_211' title='bbox 175 1281 222 1318; x_wconf 70' lang='lat' dir='ltr'>ad</span> <span class='ocrx_word' id='word_1_212' title='bbox 251 1282 360 1315; x_wconf 86' lang='lat' dir='ltr'>curias</span> <span class='ocrx_word' id='word_1_213' title='bbox 378 1278 544 1314; x_wconf 83' lang='lat' dir='ltr'>devocari.</span> <span class='ocrx_word' id='word_1_214' title='bbox 598 1279 679 1312; x_wconf 89' lang='lat' dir='ltr'>Hoc</span> <span class='ocrx_word' id='word_1_215' title='bbox 697 1274 742 1310; x_wconf 89' lang='lat' dir='ltr'>est</span> <span class='ocrx_word' id='word_1_216' title='bbox 762 1274 872 1321; x_wconf 86' lang='lat' dir='ltr'>redigi</span> <span class='ocrx_word' id='word_1_217' title='bbox 893 1274 928 1307; x_wconf 90' lang='lat' dir='ltr'>in</span> <span class='ocrx_word' id='word_1_218' title='bbox 954 1286 1139 1309; x_wconf 87' lang='lat' dir='ltr'>numerum</span> <span class='ocrx_word' id='word_1_219' title='bbox 1162 1275 1359 1314; x_wconf 84' lang='lat' dir='ltr'>curialium,</span> <span class='ocrx_word' id='word_1_220' title='bbox 1397 1285 1430 1310; x_wconf 88' lang='lat' dir='ltr'>et</span> <span class='ocrx_word' id='word_1_221' title='bbox 1454 1287 1576 1310; x_wconf 89' lang='lat' dir='ltr'>eorum</span> <span class='ocrx_word' id='word_1_222' title='bbox 1600 1274 1800 1311; x_wconf 84' lang='lat' dir='ltr'>muneribus</span> 
     </span>
     <span class='ocr_line' id='line_1_22' title="bbox 175 1323 1801 1371; baseline -0.004 -7"><span class='ocrx_word' id='word_1_223' title='bbox 175 1329 324 1368; x_wconf 76' lang='lat' dir='ltr'>onerari.</span> <span class='ocrx_word' id='word_1_224' title='bbox 377 1331 507 1362; x_wconf 88' lang='lat' dir='ltr'>Vetant</span> <span class='ocrx_word' id='word_1_225' title='bbox 542 1326 633 1361; x_wconf 86' lang='lat' dir='ltr'>enim</span> <span class='ocrx_word' id='word_1_226' title='bbox 660 1326 774 1371; x_wconf 84' lang='lat' dir='ltr'>leges,</span> <span class='ocrx_word' id='word_1_227' title='bbox 812 1335 1021 1369; x_wconf 85' lang='lat' dir='ltr'>quemquam</span> <span class='ocrx_word' id='word_1_228' title='bbox 1045 1323 1243 1370; x_wconf 88' lang='lat' dir='ltr'>episcopum</span> <span class='ocrx_word' id='word_1_229' title='bbox 1268 1323 1430 1359; x_wconf 84' lang='lat' dir='ltr'>curialem</span> <span class='ocrx_word' id='word_1_230' title='bbox 1456 1323 1533 1359; x_wconf 81' lang='lat' dir='ltr'>fieri</span> <span class='ocrx_word' id='word_1_231' title='bbox 1559 1335 1617 1360; x_wconf 88' lang='lat' dir='ltr'>aut</span> <span class='ocrx_word' id='word_1_232' title='bbox 1637 1324 1801 1360; x_wconf 78' lang='lat' dir='ltr'>curialem</span> 
     </span>
     <span class='ocr_line' id='line_1_23' title="bbox 177 1370 1799 1425; baseline -0.006 -11"><span class='ocrx_word' id='word_1_233' title='bbox 177 1378 398 1425; x_wconf 81' lang='lat' dir='ltr'>episcopum,</span> <span class='ocrx_word' id='word_1_234' title='bbox 425 1377 502 1421; x_wconf 88' lang='lat' dir='ltr'>lege</span> <span class='ocrx_word' id='word_1_235' title='bbox 520 1375 604 1409; x_wconf 78' lang='lat' dir='ltr'>Cod.</span> <span class='ocrx_word' id='word_1_236' title='bbox 623 1374 763 1408; x_wconf 85' lang='lat' dir='ltr'>Theod.</span> <span class='ocrx_word' id='word_1_237' title='bbox 784 1385 813 1408; x_wconf 89' lang='lat'>1.</span> <span class='ocrx_word' id='word_1_238' title='bbox 830 1372 871 1407; x_wconf 91' lang='lat' dir='ltr'>de</span> <span class='ocrx_word' id='word_1_239' title='bbox 889 1372 1074 1409; x_wconf 76' lang='lat' dir='ltr'>cunalibus</span> <span class='ocrx_word' id='word_1_240' title='bbox 1092 1384 1124 1408; x_wconf 93' lang='lat' dir='ltr'>et</span> <span class='ocrx_word' id='word_1_241' title='bbox 1140 1373 1322 1418; x_wconf 76' lang='lat' dir='ltr'>agnatione</span> <span class='ocrx_word' id='word_1_242' title='bbox 1339 1373 1391 1405; x_wconf 84' lang='lat' dir='ltr'>tit.</span> <span class='ocrx_word' id='word_1_243' title='bbox 1408 1372 1493 1406; x_wconf 90' lang='lat' dir='ltr'>Cod.</span> <span class='ocrx_word' id='word_1_244' title='bbox 1514 1370 1597 1418; x_wconf 82' lang='lat' dir='ltr'>Just.</span> <span class='ocrx_word' id='word_1_245' title='bbox 1623 1382 1650 1407; x_wconf 90' lang='lat' dir='ltr'>c.</span> <span class='ocrx_word' id='word_1_246' title='bbox 1671 1383 1727 1416; x_wconf 84' lang='lat'>55.</span> <span class='ocrx_word' id='word_1_247' title='bbox 1756 1370 1799 1406; x_wconf 90' lang='lat' dir='ltr'>de</span> 
     </span>
     <span class='ocr_line' id='line_1_24' title="bbox 173 1422 659 1475; baseline -0.012 -11"><span class='ocrx_word' id='word_1_248' title='bbox 173 1427 343 1475; x_wconf 85' lang='lat' dir='ltr'>episcopis</span> <span class='ocrx_word' id='word_1_249' title='bbox 362 1437 393 1460; x_wconf 90' lang='lat' dir='ltr'>et</span> <span class='ocrx_word' id='word_1_250' title='bbox 410 1422 559 1460; x_wconf 87' lang='lat' dir='ltr'>Novella</span> <span class='ocrx_word' id='word_1_251' title='bbox 581 1433 659 1466; x_wconf 87' lang='lat'><em>123.</em></span> 
     </span>
    </p>

    <p class='ocr_par' dir='ltr' id='par_1_9' title="bbox 182 1477 1799 1578">
     <span class='ocr_line' id='line_1_25' title="bbox 325 1477 1799 1526; baseline -0.005 -4"><span class='ocrx_word' id='word_1_252' title='bbox 325 1491 394 1522; x_wconf 90' lang='lat' dir='ltr'>Lex</span> <span class='ocrx_word' id='word_1_253' title='bbox 412 1483 642 1521; x_wconf 84' lang='lat' dir='ltr'>Valentiniani</span> <span class='ocrx_word' id='word_1_254' title='bbox 664 1492 695 1516; x_wconf 90' lang='lat' dir='ltr'>et</span> <span class='ocrx_word' id='word_1_255' title='bbox 711 1478 902 1516; x_wconf 76' lang='lat' dir='ltr'>Theodosii</span> <span class='ocrx_word' id='word_1_256' title='bbox 919 1478 1037 1513; x_wconf 86' lang='lat' dir='ltr'>ultima</span> <span class='ocrx_word' id='word_1_257' title='bbox 1055 1478 1095 1512; x_wconf 90' lang='lat' dir='ltr'>de</span> <span class='ocrx_word' id='word_1_258' title='bbox 1112 1477 1282 1523; x_wconf 86' lang='lat' dir='ltr'>episcopis</span> <span class='ocrx_word' id='word_1_259' title='bbox 1302 1488 1446 1513; x_wconf 86' lang='lat' dir='ltr'>renovat</span> <span class='ocrx_word' id='word_1_260' title='bbox 1464 1489 1596 1515; x_wconf 83' lang='lat' dir='ltr'>tantum</span> <span class='ocrx_word' id='word_1_261' title='bbox 1615 1478 1799 1526; x_wconf 75' lang='lat' dir='ltr'>privilegia</span> 
     </span>
     <span class='ocr_line' id='line_1_26' title="bbox 182 1526 1797 1578; baseline -0.005 -4"><span class='ocrx_word' id='word_1_262' title='bbox 182 1536 315 1574; x_wconf 84' lang='lat' dir='ltr'>clericis</span> <span class='ocrx_word' id='word_1_263' title='bbox 335 1536 485 1572; x_wconf 85' lang='lat' dir='ltr'>indulta,</span> <span class='ocrx_word' id='word_1_264' title='bbox 512 1546 596 1578; x_wconf 86' lang='lat' dir='ltr'>quae</span> <span class='ocrx_word' id='word_1_265' title='bbox 615 1541 788 1566; x_wconf 89' lang='lat' dir='ltr'>revocarat</span> <span class='ocrx_word' id='word_1_266' title='bbox 809 1532 977 1578; x_wconf 84' lang='lat' dir='ltr'>Joannes‚</span> <span class='ocrx_word' id='word_1_267' title='bbox 1006 1527 1064 1572; x_wconf 89' lang='lat' dir='ltr'>qui</span> <span class='ocrx_word' id='word_1_268' title='bbox 1081 1527 1300 1575; x_wconf 87' lang='lat' dir='ltr'>tyrannidem</span> <span class='ocrx_word' id='word_1_269' title='bbox 1317 1526 1393 1574; x_wconf 88' lang='lat' dir='ltr'>post</span> <span class='ocrx_word' id='word_1_270' title='bbox 1410 1539 1559 1565; x_wconf 89' lang='lat' dir='ltr'>mortem</span> <span class='ocrx_word' id='word_1_271' title='bbox 1577 1530 1735 1568; x_wconf 87' lang='lat' dir='ltr'>Honorii</span> <span class='ocrx_word' id='word_1_272' title='bbox 1753 1529 1797 1566; x_wconf 86' lang='lat' dir='ltr'>ad</span> 
     </span>
    </p>
   </div>
   <div class='ocr_carea' id='block_1_7' title="bbox 175 1581 1798 1786">
    <p class='ocr_par' dir='ltr' id='par_1_10' title="bbox 176 1581 623 1632">
     <span class='ocr_line' id='line_1_27' title="bbox 176 1581 623 1632; baseline -0.02 -7"><span class='ocrx_word' id='word_1_273' title='bbox 176 1587 279 1624; x_wconf 77' lang='lat' dir='ltr'>breve</span> <span class='ocrx_word' id='word_1_274' title='bbox 297 1597 430 1632; x_wconf 87' lang='lat' dir='ltr'>tempus</span> <span class='ocrx_word' id='word_1_275' title='bbox 448 1581 623 1618; x_wconf 82' lang='lat' dir='ltr'>invaserat.</span> 
     </span>
    </p>

    <p class='ocr_par' dir='ltr' id='par_1_11' title="bbox 175 1633 1798 1786">
     <span class='ocr_line' id='line_1_28' title="bbox 324 1633 1798 1689; baseline -0.008 -8"><span class='ocrx_word' id='word_1_276' title='bbox 324 1647 484 1689; x_wconf 85' lang='lat' dir='ltr'>Denique</span> <span class='ocrx_word' id='word_1_277' title='bbox 501 1641 650 1679; x_wconf 91' lang='lat' dir='ltr'>Novella</span> <span class='ocrx_word' id='word_1_278' title='bbox 665 1636 845 1687; x_wconf 88' lang='lat' dir='ltr'>Justiniani</span> <span class='ocrx_word' id='word_1_279' title='bbox 871 1641 927 1680; x_wconf 83' lang='lat'>83.</span> <span class='ocrx_word' id='word_1_280' title='bbox 954 1633 1080 1681; x_wconf 87' lang='lat' dir='ltr'>probat</span> <span class='ocrx_word' id='word_1_281' title='bbox 1105 1634 1148 1669; x_wconf 85' lang='lat' dir='ltr'>ad</span> <span class='ocrx_word' id='word_1_282' title='bbox 1172 1634 1361 1681; x_wconf 84' lang='lat' dir='ltr'>praefidem</span> <span class='ocrx_word' id='word_1_283' title='bbox 1386 1637 1560 1682; x_wconf 85' lang='lat' dir='ltr'>pertinere</span> <span class='ocrx_word' id='word_1_284' title='bbox 1587 1638 1629 1675; x_wconf 86' lang='lat' dir='ltr'>de</span> <span class='ocrx_word' id='word_1_285' title='bbox 1652 1641 1798 1677; x_wconf 56' lang='lat' dir='ltr'>crimme</span> 
     </span>
     <span class='ocr_line' id='line_1_29' title="bbox 175 1683 1794 1744; baseline -0.006 -9"><span class='ocrx_word' id='word_1_286' title='bbox 175 1698 286 1735; x_wconf 85' lang='lat' dir='ltr'>clerici</span> <span class='ocrx_word' id='word_1_287' title='bbox 305 1696 474 1744; x_wconf 74' lang='lat' dir='ltr'>judicare,</span> <span class='ocrx_word' id='word_1_288' title='bbox 503 1693 556 1728; x_wconf 89' lang='lat' dir='ltr'>sed</span> <span class='ocrx_word' id='word_1_289' title='bbox 577 1691 675 1737; x_wconf 85' lang='lat' dir='ltr'>prius</span> <span class='ocrx_word' id='word_1_290' title='bbox 693 1686 785 1736; x_wconf 71' lang='lat' dir='ltr'>jubet</span> <span class='ocrx_word' id='word_1_291' title='bbox 803 1697 881 1721; x_wconf 87' lang='lat' dir='ltr'>eum</span> <span class='ocrx_word' id='word_1_292' title='bbox 900 1684 941 1719; x_wconf 89' lang='lat' dir='ltr'>ad</span> <span class='ocrx_word' id='word_1_293' title='bbox 960 1685 1128 1719; x_wconf 89' lang='lat' dir='ltr'>honorem</span> <span class='ocrx_word' id='word_1_294' title='bbox 1150 1683 1325 1720; x_wconf 86' lang='lat' dir='ltr'>sacerdotii</span> <span class='ocrx_word' id='word_1_295' title='bbox 1350 1685 1526 1733; x_wconf 84' lang='lat' dir='ltr'>degradari</span> <span class='ocrx_word' id='word_1_296' title='bbox 1543 1688 1584 1725; x_wconf 82' lang='lat' dir='ltr'>ab</span> <span class='ocrx_word' id='word_1_297' title='bbox 1609 1689 1794 1739; x_wconf 78' lang='lat' dir='ltr'>episcopo,</span> 
     </span>
     <span class='ocr_line' id='line_1_30' title="bbox 178 1733 1339 1786; baseline -0.011 -2"><span class='ocrx_word' id='word_1_298' title='bbox 178 1760 212 1784; x_wconf 86' lang='lat' dir='ltr'>et</span> <span class='ocrx_word' id='word_1_299' title='bbox 228 1749 274 1784; x_wconf 87' lang='lat' dir='ltr'>ita</span> <span class='ocrx_word' id='word_1_300' title='bbox 289 1746 342 1782; x_wconf 83' lang='lat' dir='ltr'>lex</span> <span class='ocrx_word' id='word_1_301' title='bbox 360 1744 439 1786; x_wconf 85' lang='lat' dir='ltr'>ista,</span> <span class='ocrx_word' id='word_1_302' title='bbox 466 1755 537 1779; x_wconf 89' lang='lat' dir='ltr'>non</span> <span class='ocrx_word' id='word_1_303' title='bbox 556 1739 647 1778; x_wconf 80' lang='lat' dir='ltr'>secus</span> <span class='ocrx_word' id='word_1_304' title='bbox 664 1749 701 1774; x_wconf 87' lang='lat' dir='ltr'>ac</span> <span class='ocrx_word' id='word_1_305' title='bbox 718 1747 882 1775; x_wconf 85' lang='lat' dir='ltr'>caeterae,</span> <span class='ocrx_word' id='word_1_306' title='bbox 909 1734 1010 1771; x_wconf 89' lang='lat' dir='ltr'>nobis</span> <span class='ocrx_word' id='word_1_307' title='bbox 1028 1733 1116 1770; x_wconf 85' lang='lat' dir='ltr'>nihil</span> <span class='ocrx_word' id='word_1_308' title='bbox 1133 1733 1339 1782; x_wconf 63' lang='lat' dir='ltr'>adversatur9</span> 
     </span>
    </p>
   </div>
   <div class='ocr_carea' id='block_1_8' title="bbox 711 1882 1242 1932">
    <p class='ocr_par' dir='ltr' id='par_1_12' title="bbox 711 1882 1242 1932">
     <span class='ocr_line' id='line_1_31' title="bbox 711 1882 1242 1932; baseline -0.008 0"><span class='ocrx_word' id='word_1_309' title='bbox 711 1882 1242 1932; x_wconf 86' lang='lat' dir='ltr'><strong>EPILOGUS.</strong></span> 
     </span>
    </p>
   </div>
   <div class='ocr_carea' id='block_1_9' title="bbox 178 2003 1790 2102">
    <p class='ocr_par' dir='ltr' id='par_1_13' title="bbox 178 2003 1790 2102">
     <span class='ocr_line' id='line_1_32' title="bbox 178 2003 1790 2100; baseline -0.004 -51"><span class='ocrx_word' id='word_1_310' title='bbox 178 2003 364 2100; x_wconf 87' lang='lat' dir='ltr'>Perveni</span> <span class='ocrx_word' id='word_1_311' title='bbox 385 2011 450 2059; x_wconf 72' lang='lat' dir='ltr'>jam</span> <span class='ocrx_word' id='word_1_312' title='bbox 470 2012 511 2047; x_wconf 80' lang='lat' dir='ltr'>ad</span> <span class='ocrx_word' id='word_1_313' title='bbox 540 2010 641 2048; x_wconf 82' lang='lat' dir='ltr'>finem</span> <span class='ocrx_word' id='word_1_314' title='bbox 667 2007 840 2055; x_wconf 77' lang='lat' dir='ltr'>propositi</span> <span class='ocrx_word' id='word_1_315' title='bbox 857 2006 943 2043; x_wconf 84' lang='lat' dir='ltr'>mihi</span> <span class='ocrx_word' id='word_1_316' title='bbox 962 2007 1095 2052; x_wconf 86' lang='lat' dir='ltr'>operis,</span> <span class='ocrx_word' id='word_1_317' title='bbox 1123 2004 1219 2051; x_wconf 87' lang='lat' dir='ltr'>quod</span> <span class='ocrx_word' id='word_1_318' title='bbox 1237 2017 1352 2041; x_wconf 89' lang='lat' dir='ltr'>rerum</span> <span class='ocrx_word' id='word_1_319' title='bbox 1374 2005 1513 2042; x_wconf 81' lang='lat' dir='ltr'>istarum</span> <span class='ocrx_word' id='word_1_320' title='bbox 1540 2004 1697 2043; x_wconf 74' lang='lat' dir='ltr'>studiosis</span> <span class='ocrx_word' id='word_1_321' title='bbox 1720 2019 1790 2044; x_wconf 75' lang='lat' dir='ltr'>non</span> 
     </span>
     <span class='ocr_line' id='line_1_33' title="bbox 276 2055 1790 2102; baseline -0.005 -3"><span class='ocrx_word' id='word_1_322' title='bbox 276 2064 419 2099; x_wconf 84' lang='lat' dir='ltr'>omnino</span> <span class='ocrx_word' id='word_1_323' title='bbox 437 2061 554 2098; x_wconf 86' lang='lat' dir='ltr'>inutile</span> <span class='ocrx_word' id='word_1_324' title='bbox 573 2058 730 2094; x_wconf 86' lang='lat' dir='ltr'>futurum</span> <span class='ocrx_word' id='word_1_325' title='bbox 749 2056 811 2092; x_wconf 82' lang='lat' dir='ltr'>esse</span> <span class='ocrx_word' id='word_1_326' title='bbox 829 2057 916 2092; x_wconf 82' lang='lat' dir='ltr'>mihi</span> <span class='ocrx_word' id='word_1_327' title='bbox 934 2055 1131 2102; x_wconf 78' lang='lat' dir='ltr'>persuadeo,</span> <span class='ocrx_word' id='word_1_328' title='bbox 1183 2055 1373 2092; x_wconf 85' lang='lat' dir='ltr'>Habebunt</span> <span class='ocrx_word' id='word_1_329' title='bbox 1391 2057 1483 2092; x_wconf 88' lang='lat' dir='ltr'>enim</span> <span class='ocrx_word' id='word_1_330' title='bbox 1501 2056 1551 2091; x_wconf 92' lang='lat' dir='ltr'>illi</span> <span class='ocrx_word' id='word_1_331' title='bbox 1571 2058 1606 2092; x_wconf 91' lang='lat' dir='ltr'>in</span> <span class='ocrx_word' id='word_1_332' title='bbox 1631 2055 1692 2091; x_wconf 85' lang='lat' dir='ltr'>isto</span> <span class='ocrx_word' id='word_1_333' title='bbox 1710 2070 1790 2102; x_wconf 83' lang='lat' dir='ltr'>ope·</span> 
     </span>
    </p>
   </div>
   <div class='ocr_carea' id='block_1_10' title="bbox 175 2103 1790 2153">
    <p class='ocr_par' dir='ltr' id='par_1_14' title="bbox 175 2103 1790 2153">
     <span class='ocr_line' id='line_1_34' title="bbox 175 2103 1790 2153; baseline -0.007 -4"><span class='ocrx_word' id='word_1_334' title='bbox 175 2127 212 2149; x_wconf 89' lang='lat' dir='ltr'>re</span> <span class='ocrx_word' id='word_1_335' title='bbox 231 2114 335 2149; x_wconf 82' lang='lat' dir='ltr'>multa</span> <span class='ocrx_word' id='word_1_336' title='bbox 355 2112 503 2147; x_wconf 73' lang='lat' dir='ltr'>breviter</span> <span class='ocrx_word' id='word_1_337' title='bbox 521 2108 664 2146; x_wconf 87' lang='lat' dir='ltr'>dilucide</span> <span class='ocrx_word' id='word_1_338' title='bbox 683 2118 783 2153; x_wconf 88' lang='lat' dir='ltr'>atque</span> <span class='ocrx_word' id='word_1_339' title='bbox 801 2107 921 2142; x_wconf 85' lang='lat' dir='ltr'>ordine</span> <span class='ocrx_word' id='word_1_340' title='bbox 941 2103 1099 2147; x_wconf 64' lang='lat' dir='ltr'>ennean,</span> <span class='ocrx_word' id='word_1_341' title='bbox 1128 2117 1212 2149; x_wconf 83' lang='lat' dir='ltr'>quae</span> <span class='ocrx_word' id='word_1_342' title='bbox 1234 2106 1267 2140; x_wconf 89' lang='lat' dir='ltr'>in</span> <span class='ocrx_word' id='word_1_343' title='bbox 1287 2105 1403 2141; x_wconf 85' lang='lat' dir='ltr'>multis</span> <span class='ocrx_word' id='word_1_344' title='bbox 1421 2107 1623 2151; x_wconf 88' lang='lat' dir='ltr'>magnisque</span> <span class='ocrx_word' id='word_1_345' title='bbox 1641 2106 1790 2142; x_wconf 68' lang='lat' dir='ltr'>volumi-</span> 
     </span>
    </p>
   </div>
   <div class='ocr_carea' id='block_1_11' title="bbox 173 2154 1790 2209">
    <p class='ocr_par' dir='ltr' id='par_1_15' title="bbox 173 2154 1790 2209">
     <span class='ocr_line' id='line_1_35' title="bbox 173 2154 1790 2209; baseline -0.004 -11"><span class='ocrx_word' id='word_1_346' title='bbox 173 2164 275 2198; x_wconf 87' lang='lat' dir='ltr'>nibus</span> <span class='ocrx_word' id='word_1_347' title='bbox 304 2161 451 2209; x_wconf 72' lang='lat' dir='ltr'>dispersa</span> <span class='ocrx_word' id='word_1_348' title='bbox 476 2161 572 2201; x_wconf 86' lang='lat' dir='ltr'>sunt,</span> <span class='ocrx_word' id='word_1_349' title='bbox 598 2170 636 2193; x_wconf 80' lang='lat' dir='ltr'>ac</span> <span class='ocrx_word' id='word_1_350' title='bbox 653 2158 855 2204; x_wconf 86' lang='lat' dir='ltr'>plerumque</span> <span class='ocrx_word' id='word_1_351' title='bbox 880 2154 1044 2200; x_wconf 83' lang='lat' dir='ltr'>indigesta</span> <span class='ocrx_word' id='word_1_352' title='bbox 1063 2166 1095 2189; x_wconf 90' lang='lat' dir='ltr'>et</span> <span class='ocrx_word' id='word_1_353' title='bbox 1111 2154 1184 2189; x_wconf 83' lang='lat' dir='ltr'>aliis</span> <span class='ocrx_word' id='word_1_354' title='bbox 1203 2155 1360 2190; x_wconf 80' lang='lat' dir='ltr'>admixta.</span> <span class='ocrx_word' id='word_1_355' title='bbox 1416 2157 1555 2202; x_wconf 86' lang='lat' dir='ltr'>Quippe</span> <span class='ocrx_word' id='word_1_356' title='bbox 1574 2155 1642 2195; x_wconf 82' lang='lat' dir='ltr'>illi,</span> <span class='ocrx_word' id='word_1_357' title='bbox 1672 2160 1729 2200; x_wconf 81' lang='lat' dir='ltr'>qui</span> <span class='ocrx_word' id='word_1_358' title='bbox 1749 2156 1790 2192; x_wconf 84' lang='lat' dir='ltr'>de</span> 
     </span>
    </p>
   </div>
   <div class='ocr_carea' id='block_1_12' title="bbox 173 2202 1790 2303">
    <p class='ocr_par' dir='ltr' id='par_1_16' title="bbox 173 2202 1790 2303">
     <span class='ocr_line' id='line_1_36' title="bbox 173 2202 1790 2258; baseline -0.004 -9"><span class='ocrx_word' id='word_1_359' title='bbox 173 2214 225 2249; x_wconf 68' lang='lat' dir='ltr'>his</span> <span class='ocrx_word' id='word_1_360' title='bbox 247 2216 350 2248; x_wconf 84' lang='lat' dir='ltr'>rebus</span> <span class='ocrx_word' id='word_1_361' title='bbox 369 2210 576 2258; x_wconf 68' lang='lat' dir='ltr'>scripserunt</span> <span class='ocrx_word' id='word_1_362' title='bbox 593 2208 672 2244; x_wconf 84' lang='lat' dir='ltr'>licet</span> <span class='ocrx_word' id='word_1_363' title='bbox 687 2206 882 2243; x_wconf 87' lang='lat' dir='ltr'>eruditione</span> <span class='ocrx_word' id='word_1_364' title='bbox 898 2204 1123 2254; x_wconf 83' lang='lat' dir='ltr'>praestantes,</span> <span class='ocrx_word' id='word_1_365' title='bbox 1149 2216 1222 2241; x_wconf 84' lang='lat' dir='ltr'>non</span> <span class='ocrx_word' id='word_1_366' title='bbox 1243 2217 1358 2242; x_wconf 77' lang='lat' dir='ltr'>omnes</span> <span class='ocrx_word' id='word_1_367' title='bbox 1379 2202 1455 2240; x_wconf 81' lang='lat' dir='ltr'>istas</span> <span class='ocrx_word' id='word_1_368' title='bbox 1482 2204 1690 2251; x_wconf 78' lang='lat' dir='ltr'>quaestiones</span> <span class='ocrx_word' id='word_1_369' title='bbox 1712 2206 1790 2242; x_wconf 81' lang='lat' dir='ltr'>atti-</span> 
     </span>
     <span class='ocr_line' id='line_1_37' title="bbox 1592 2266 1735 2303; baseline 0.007 -14"><span class='ocrx_word' id='word_1_370' title='bbox 1592 2266 1735 2303; x_wconf 81' lang='lat' dir='ltr'>gerunt,</span> 
     </span>
    </p>
   </div>
  </div>
 </body>
</html>
