1982 2739
316 218 385 253 ¹²4
591 206 660 242 DE
688 204 960 247 ANTIQVA
987 202 1265 239 ECCLESIAE
1292 204 1599 241 DISCPLINA

264 309 312 333 no
329 295 452 342 scripta
471 293 687 337 ferebantur,
716 307 747 330 et
766 295 867 342 hujus
885 292 931 327 rei
948 292 1154 338 Dionysium
1172 291 1440 327 Alexandrinum
1459 291 1587 328 kaaum
1607 291 1671 328 effe
1699 293 1881 331 certiorem

264 360 284 383 a
299 351 467 383 Romano,
520 348 615 387 Quae
633 358 685 380 res
702 344 841 391 impulit
859 342 1126 379 Alexandrinum
1145 341 1186 375 ad
1208 340 1415 376 scribendam
1435 343 1653 388 apologiam,
1689 342 1884 389 litterasque

265 396 497 443 apologeticas
516 396 557 428 ad
577 393 784 443 Dionysium
804 397 995 429 Romanum
1014 390 1205 426 mittendas,
1260 394 1378 435 Itaque
1397 392 1530 426 nullum
1549 393 1711 438 proprie,
1732 393 1885 439 fivecon·

267 457 335 483 tra,
363 443 429 479 {ive
449 456 515 489 pro
529 444 694 493 Dionysio
712 443 941 478 Alexandrino
959 444 1085 479 Romae
1102 440 1207 475 latum
1227 440 1270 474 cst
1287 441 1463 488 judicium.
1516 444 1593 476 Nec
1621 453 1703 477 vero
1727 445 1805 488 quis
1833 455 1885 478 ar·

268 495 416 530 bitretur
432 495 648 530 autoritatem
668 494 813 530 Romani
829 490 985 539 episcopi
1003 492 1036 524 in
1055 490 1190 538 judiciis
1217 488 1298 524 fidei
1326 503 1364 525 ex
1391 503 1432 525 eo
1459 490 1716 529 commendari,
1750 490 1841 538 quod
1864 504 1887 529 a

268 543 434 592 Dionyfio
450 544 602 589 petierit,
629 555 667 579 ut
684 542 761 577 fidei
787 542 863 577 suae
882 542 1048 576 rationem
1065 539 1239 578 redderet:
1268 539 1303 574 id
1324 541 1416 574 enim
1443 541 1577 586 exigere
1602 539 1752 577 solebant
1779 541 1884 587 quili-

269 593 326 628 bet
345 592 495 639 episcopi
516 593 556 627 ab
576 594 634 634 iis,
663 594 721 637 qui
744 591 823 637 ipfis
842 602 936 626 erant
961 587 1124 636 suspesti,
1158 601 1217 624 nec
1235 591 1512 625 communionem
1538 600 1616 624 cum
1640 590 1680 625 iis
1706 590 1884 633 habebant,

269 644 351 688 quin
373 644 471 688 prius
489 642 529 676 ab
547 643 586 676 iis
603 639 847 688 professionem
869 638 1058 685 exegissent.
1109 641 1186 673 Nec
1205 637 1327 673 necesse
1345 638 1406 680 est,
1435 639 1535 685 plura
1554 639 1655 685 hujus
1681 642 1730 675 rei
1748 653 1884 687 exemp=

267 693 300 727 la
317 704 596 727 commemorare.
649 693 770 726 Unum
799 702 853 725 aut
877 690 1021 724 alterum
1048 699 1177 723 tantum
1202 686 1390 734 proferam.
1452 688 1651 724 Athanasius
1679 701 1710 724 et
1736 689 1886 737 episcopi

265 741 389 790 synodi
407 740 656 776 Alexandrinae
673 740 712 775 ab
729 740 952 775 Antiochenis
969 736 1047 771 fidei
1066 736 1139 771 suae
1158 740 1321 773 rationem
1339 750 1533 784 exegerunt.
1593 739 1806 785 Epiphanius
1832 741 1886 774 in·-

267 802 322 825 ter
341 790 484 825 vitalem
503 800 535 825 et
553 790 733 825 Paulinum
750 789 894 825 arbiter,
920 801 939 821 a
959 786 1102 822 Paulino
1118 785 1359 831 professionem
1378 787 1472 822 suain
1481 788 1591 834 petiit.
1644 788 1795 836 cyrillus
1806 789 1888 825 item

269 853 289 875 a
302 844 433 889 Joanne
449 841 664 875 Antiocheno
687 850 718 874 et
731 836 953 874 orientalibus
969 834 1069 869 fideii
1086 835 1212 870 bellum
1223 839 1331 883 exegit
1341 836 1472 872 sanElus
1489 836 1628 872 Bafilius
1644 838 1685 873 ab
1703 837 1890 879 Eustathio,

270 902 303 924 et
321 890 378 925 alii
397 891 582 926 innumeri.
634 893 679 926 At
696 889 750 936 jus
772 886 860 923 istud
880 884 924 921 est
944 885 1103 921 omnibus
1125 885 1293 933 episeopis
1312 899 1511 929 commune,
1539 900 1610 923 non
1627 890 1784 925 Romano
1800 899 1891 936 pone·¹

272 938 357 976 tifici
379 938 558 986 peculiare.

852 1073 910 1112 De
935 1072 1049 1111 Paulo
1075 1072 1206 1123 Samos
1201 1080 1309 1112 ateno.

273 1198 414 1293 Duo
432 1209 574 1245 concilia
593 1207 751 1243 adversus
770 1207 913 1242 Paulum
932 1208 1183 1243 samosatenum
1203 1207 1403 1242 Antiochiae
1420 1208 1532 1243 habita
1549 1208 1647 1251 sunt,
1670 1211 1815 1245 alterum
1831 1214 1892 1244 nm*

395 1271 440 1293 no
464 1263 568 1300 264,
596 1258 739 1290 alterum
760 1269 840 1299 ²70·
892 1259 931 1289 In
958 1257 1070 1300 prima
1097 1256 1228 1302 synodo
1251 1256 1374 1290 Paulus
1401 1255 1504 1290 fidem
1531 1258 1679 1293 ecclesiae
1703 1258 1860 1294 simulans
1879 1283 1888 1299 ‚

276 1307 526 1354 depofitionem
545 1306 673 1339 vitavit.
733 1307 773 1338 In
801 1303 946 1338 secunda
974 1303 1161 1338 multorum
1189 1305 1392 1342 criminum,
1426 1317 1463 1339 ac
1487 1305 1685 1351 praesertim
1714 1307 1889 1342 haereseos

274 1355 452 1393 convistus
481 1354 521 1390 ab
548 1352 718 1400 episcopis
747 1352 812 1387 fine
844 1354 989 1387 Romani
1017 1351 1193 1398 pontificis
1221 1355 1402 1388 autoritate
1429 1355 1598 1400 depofitus
1625 1356 1686 1398 est,
1723 1369 1754 1391 et
1778 1355 1890 1392 statim

277 1408 425 1442 domnus
453 1408 485 1439 in
508 1404 577 1450 ejus
596 1404 709 1438 locum
728 1400 922 1436 substitutus
944 1400 997 1434 est.
1051 1405 1147 1436 Tum
1165 1401 1312 1447 episcopi
1329 1404 1509 1439 orientales
1526 1405 1655 1440 litteras
1680 1405 1888 1452 scripserunt

273 1453 440 1502 Dionysio
457 1456 630 1493 Romano,
658 1453 812 1487 Maximo
831 1449 1080 1489 Alexandrino,
1111 1451 1170 1493 qui
1194 1450 1358 1497 Dionysio
1378 1452 1583 1496 successerat,
1604 1467 1635 1491 et
1646 1456 1805 1492 omnibus
1825 1467 1890 1502 per

274 1502 472 1540 universum
493 1502 610 1537 orbem
629 1500 805 1548 episcopis.
858 1499 942 1533 Inde
966 1511 1073 1545 porro
1094 1498 1180 1532 nihil
1198 1499 1355 1534 concludi
1384 1501 1493 1547 potest
1521 1505 1562 1539 ad
1591 1505 1804 1553 probandum
1831 1505 1890 1542 ali·

277 1566 380 1599 quam
404 1551 466 1586 esse
483 1554 515 1586 in
534 1552 667 1597 judiciis
685 1549 923 1597 episcoporum
948 1549 1092 1582 Romani
1118 1547 1288 1595 pontificis
1311 1552 1600 1596 praerogativam3
1634 1554 1773 1602 scriptae
1800 1556 1892 1590 enim

274 1602 420 1639 fuerunt
438 1601 513 1636 istae
531 1603 660 1635 litterae
677 1611 750 1634 tum
769 1602 943 1635 Romano,
971 1609 1043 1632 tum
1060 1598 1306 1639 Alexandrino,
1335 1611 1407 1634 tum
1426 1600 1503 1644 aliis
1518 1601 1694 1650 episcopis,
1746 1606 1892 1651 Scriptae

275 1653 351 1689 sunt
370 1651 443 1701 post
467 1650 651 1699 judicium,
681 1661 748 1684 non
767 1648 808 1682 ad
828 1647 998 1693 gestorum
1019 1646 1317 1682 confirmationem
1344 1650 1542 1696 petendam,
1560 1650 1614 1686 sed
1641 1663 1680 1687 ut
1697 1665 1757 1688 eos
1780 1664 1892 1689 certos

274 1702 427 1739 facerent
446 1701 485 1735 de
502 1701 583 1735 novi
603 1698 753 1747 episcopi
769 1698 999 1738 ordinatione,
1028 1709 1065 1732 ut
1087 1695 1208 1732 scilicet
1226 1697 1265 1731 ad
1285 1710 1361 1733 eum
1382 1699 1567 1736 scriberent
1580 1728 1588 1741 ,
1617 1701 1657 1737 ab
1679 1715 1787 1748 eoque
1799 1703 1885 1738 litte-

275 1765 329 1789 ras
356 1750 611 1787 communionis
629 1750 829 1796 acciperent.
882 1747 1004 1782 Paulus
1024 1758 1136 1782 autem
1154 1746 1230 1782 licet
1249 1746 1444 1796 episcopatu
1470 1751 1604 1786 concilii
1627 1752 1759 1798 judicio
1787 1753 1892 1800 deject-j

275 1814 332 1837 tus
351 1800 459 1838 foret,
487 1799 629 1835 domum
650 1809 758 1834 tamen
779 1796 998 1845 episcopalem
1025 1797 1198 1832 dimittere
1215 1796 1332 1832 noluit.
1385 1800 1480 1834 Tum
1501 1801 1657 1836 catholici
1681 1802 1722 1837 ad
1746 1802 1892 1850 impera-

278 1864 392 1887 torem
411 1847 657 1895 confugerunt‚
687 1849 744 1893 qui
764 1846 908 1882 ecclesias
929 1847 1013 1882 tradi
1033 1845 1122 1893 juffi't
1139 1847 1201 1887 iis,
1231 1846 1354 1891 quibus
1372 1848 1475 1883 Italici
1494 1851 1673 1896 religionis
1693 1851 1892 1887 christianae

279 1900 439 1936 antistites
458 1911 487 1934 et
507 1902 682 1934 Romanus
707 1896 880 1945 episcopus
899 1896 1091 1932 scriberent.
1144 1895 1228 1931 Inde
1247 1909 1264 1930 a
1282 1896 1482 1940 quibusdam
1504 1898 1644 1946 fingitur
1661 1901 1799 1946 aliquod
1819 1901 1890 1950 spe-

279 1950 362 1985 ciale
376 1949 521 1985 Romani
544 1947 690 1995 episcopi
709 1946 929 1994 privilegium
945 1945 1046 1981 fuisse
1062 1948 1098 1981 in
1116 1945 1255 1994 judiciis
1277 1945 1538 1995 episcoporum,
1562 1961 1594 1984 at
1613 1951 1711 1986 inane
1731 1951 1818 1986 illud
1834 1949 1891 1987 est.

281 2001 399 2035 Primo
420 2000 511 2032 enim
530 1997 733 2044 Aurelianus
751 2009 819 2031 non
842 1996 882 2030 de
901 1998 1055 2031 Romano
1075 1994 1230 2043 episcopo
1253 2007 1382 2030 tantum
1399 1997 1575 2043 loquitur,
1603 1999 1659 2035 sed
1678 1999 1893 2036 deomnibus

277 2048 382 2085 Italis.
434 2047 566 2082 Deinde
582 2058 662 2080 vero
673 2047 707 2080 id
720 2045 846 2086 statuit,
860 2058 927 2080 non
940 2046 981 2081 ob
995 2045 1263 2093 praerogativam
1275 2043 1361 2079 sedis
1381 2048 1639 2091 Romanae‚sed
1649 2051 1726 2095 quia
1738 2050 1883 2086 credidit

280 2096 628 2134 transmarini-norum
648 2094 1060 2143 episcoporumjudicium
1079 2107 1097 2130 a
1115 2094 1239 2140 gratiae
1260 2105 1291 2128 et
1309 2095 1379 2130 odii
1408 2096 1596 2145 suspicione
1623 2099 1772 2135 alienum
1798 2098 1887 2135 fore.

282 2151 392 2184 Porro
413 2158 471 2181 nec
490 2146 583 2186 Itali,
613 2156 671 2179 nec
689 2147 862 2180 Romanus
890 2144 1066 2193 episcopus
1090 2144 1220 2179 causam
1247 2144 1337 2178 Pauli
1356 2146 1391 2179 in
1422 2148 1552 2183 oriente
1580 2149 1757 2190 iudicatam
1787 2161 1890 2184 ren-a-

284 2197 373 2233 aare
389 2195 529 2242 aggresli
547 2194 642 2236 sunt·,
670 2193 725 2228 scd
745 2194 910 2240 judicium
931 2194 1145 2230 orientalium
1173 2192 1240 2228 sine
1275 2193 1346 2229 ullo
1374 2198 1523 2233 examine
1549 2191 1660 2234 ratum
1683 2197 1888 2239 habuerunt.

282 2250 378 2285 Haec
394 2257 505 2283 autem
525 2243 638 2282 inisto
649 2243 742 2280 Pauli
760 2244 885 2291 judicio
912 2242 1116 2282 observanda
1142 2243 1219 2280 lunt
1242 2242 1281 2278 ad
1308 2245 1516 2294 propositum
1546 2248 1756 2296 pertinentia.
1818 2249 1888 2292 hig

1729 2309 1839 2348 mum!
