1982 2739
1013 557 1120 606 DE

433 688 998 767 ANTIQVA
1058 686 1698 761 ECCLESIAE

260 839 352 937 D
457 836 500 932 Ι
601 833 653 928 S
751 830 837 928 C
938 829 977 925 I
1084 831 1153 926 P
1259 831 1341 926 L
1444 828 1486 924 I
1585 828 1673 926 N
1777 828 1875 926 A

548 1003 1125 1060 DISSERTATIONES
1166 1002 1588 1056 HISTORICAE.

731 1245 1317 1293 DISSERTATIO
1377 1245 1473 1290 HL

579 1343 638 1383 De
662 1342 803 1392 antiqua
830 1343 1029 1392 infligendae
1054 1342 1405 1381 excommunicationis
1436 1342 1577 1381 ratione.

773 1441 1380 1495 PRAELoQV1vM7

274 1553 473 1691 Nulla
496 1617 540 1654 est
565 1618 748 1655 hominum
773 1616 930 1658 societas,
956 1618 1011 1654 cui
1037 1616 1090 1661 ius
1116 1628 1186 1652 non
1210 1614 1266 1653 fit,
1293 1626 1324 1653 et
1350 1614 1494 1663 potestas
1520 1629 1641 1654 eorum
1669 1608 1884 1664 expellendos'

458 1681 555 1709 rum,
584 1670 645 1713 qui
661 1669 753 1714 leges
775 1667 936 1704 societatis
962 1666 1177 1712 infringunt,
1205 1666 1257 1699 vel
1282 1667 1351 1712 ejus
1372 1666 1464 1701 bono
1489 1666 1714 1703 adversemur.
1754 1670 1883 1711 Quem-

277 1717 464 1753 admodum
484 1719 573 1752 enim
593 1720 626 1752 in
647 1730 793 1763 corpore
812 1719 961 1753 humano
982 1716 1132 1751 membra
1150 1715 1286 1762 putrida
1304 1715 1379 1750 sunt
1399 1715 1592 1754 resecanda,
1621 1730 1661 1751 ne
1677 1728 1789 1752 totum
1811 1729 1884 1752 cor-

277 1780 344 1813 pus
362 1766 526 1808 inficiant,
556 1779 612 1802 aut
630 1766 711 1802 ficut
728 1768 762 1801 in
781 1767 944 1813 gregibus
962 1766 1142 1802 morbidae
1161 1776 1239 1800 oves
1258 1778 1274 1798 a
1293 1763 1377 1799 sanis
1396 1765 1614 1801 secernendae
1633 1765 1710 1801 sunt
1726 1792 1735 1807 ,
1763 1778 1804 1800 ne
1821 1778 1884 1812 per

280 1827 392 1851 totum
412 1817 500 1850 ovile
517 1817 660 1852 morbus
687 1815 869 1861 grassetur3
896 1818 940 1851 ita
958 1817 1056 1850 etiam
1077 1816 1111 1849 in
1129 1814 1310 1848 hominum
1338 1814 1550 1850 societatibus
1575 1814 1702 1850 necesse
1726 1813 1789 1853 est„
1811 1828 1881 1855 eos,

280 1866 339 1910 qui
359 1864 504 1900 societati
523 1865 670 1911 pessimis
689 1863 788 1900 faPtis
804 1891 814 1904 ,
841 1865 894 1901 vel
912 1865 1074 1911 exemplis
1106 1862 1228 1899 obsunt
1255 1863 1395 1908 expelli,
1433 1876 1503 1899 tum
1530 1878 1571 1899 ne
1595 1863 1786 1901 societatem
1804 1878 1884 1912 per-

279 1914 430 1954 turbent,
458 1925 529 1949 tum
547 1929 587 1949 ne
605 1916 724 1950 caeteri
745 1916 778 1950 in
798 1915 948 1950 eamdem
967 1915 1143 1949 trahantur
1159 1911 1416 1959 perversitatem.
1470 1914 1509 1948 ld
1529 1927 1628 1952 vero,
1655 1914 1678 1948 fi
1698 1927 1763 1958 qua
1781 1915 1814 1950 in
1829 1915 1883 1952 so.

284 1963 399 1997 cictate
417 1963 455 1996 {it
473 1963 850 2004 necessarimmmaxime
861 1966 1049 2008 requiiitur
1067 1965 1102 1998 in
1122 1960 1266 2002 ecclefia,
1295 1964 1387 2008 cujus
1410 1962 1486 1997 finis
1508 1962 1552 1998 est
1569 1962 1693 1998 regiam
1720 1962 1822 2000 fidem
1849 1976 1881 2001 et

282 2012 393 2047 bonos
416 2025 526 2046 mores
543 2014 575 2046 in
595 2014 776 2049 hominum
800 2015 921 2048 animis
945 2012 1158 2053 conservare,
1193 2021 1230 2046 ut
1255 2010 1496 2046 beatitudinem
1523 2025 1689 2047 aeternam
1722 2014 1885 2059 consequi

284 2061 419 2108 postint.
473 2065 565 2095 Nam
585 2062 606 2096 fi
628 2075 695 2097 non
717 2060 822 2107 posset
841 2063 970 2097 ecclelia
989 2063 1141 2097 homines
1159 2073 1264 2107 prava
1280 2060 1439 2095 facientes
1459 2073 1515 2096 aut
1536 2063 1692 2097 docentes
1712 2075 1728 2096 a
1749 2060 1804 2097 sua
1827 2062 1882 2099 so.

284 2112 396 2145 cietate
415 2123 607 2152 removere,
636 2111 731 2146 brevi
753 2123 908 2157 tempore
924 2138 931 2152 ,
959 2125 1059 2156 quam
1078 2111 1217 2157 plurimi
1237 2122 1355 2144 eorum
1375 2111 1528 2156 exemplo
1550 2114 1582 2145 in
1602 2111 1750 2146 eamdem
1771 2112 1882 2148 trahe.

283 2172 401 2195 rentur
419 2161 637 2205 impietatem.
691 2164 930 2206 Corrumpunt
946 2162 1036 2195 enim
1053 2161 1161 2195 bonos
1184 2172 1296 2194 mores
1322 2172 1390 2194 tum
1418 2161 1604 2205 colloquia,
1634 2173 1704 2195 tum
1732 2163 1883 2208 exempla

284 2222 399 2255 prava.
453 2212 537 2244 Non
557 2209 599 2244 est
619 2222 699 2255 ergo
718 2211 952 2255 denegandum
980 2208 1126 2245 ecciesiae
1154 2208 1237 2242 illud
1262 2209 1334 2255 jus,
1366 2210 1457 2252 quvd
1483 2210 1641 2244 omnibus
1670 2208 1881 2248 societatibus

284 2259 469 2305 competit,
496 2271 533 2294 ut
551 2258 650 2306 poffit
668 2260 824 2296 homines
844 2258 1000 2296 societate
1019 2259 1074 2311 sun
1089 2257 1251 2305 indignos
1267 2284 1277 2301 ,
1305 2270 1470 2303 quantum
1492 2261 1525 2292 in
1544 2258 1576 2293 se
1594 2259 1700 2297 est‚ab
1719 2271 1755 2294 ea
1774 2272 1883 2305 rernm

1745 2321 1833 2346 vere.
