1992 2739
360 206 409 242 74
588 192 658 228 DE
684 188 961 232 ANTIQUA
989 187 1271 222 ECCLESIAE
1296 188 1637 222 DlSCIPLINA

311 286 397 322 duae
416 284 559 330 fuerint
591 279 746 325 dioeceses
765 303 773 316 ‚
807 288 893 326 quae
919 279 956 312 in
979 277 1039 311 leae
1064 276 1137 323 lege
1162 273 1438 321 distinguuntur,
1465 274 1569 309 Italia
1590 283 1624 310 et
1642 274 1844 312 'urbicaria‚
1872 274 1919 310 ad

310 336 434 373 Italiae
457 329 619 376 dioecesim
634 328 837 376 pertinmſje
860 327 1009 362 Siciliam
1029 351 1036 365 ‚
1064 337 1163 372 quum
1189 325 1308 359 Italiae
1326 326 1453 358 vicario
1472 323 1708 370 nonsubeffet,
1737 319 1918 369 absurdum

310 386 354 432 2st
378 382 570 425 adfirmare.
624 378 737 424 Restat
754 389 853 426 ergo,
880 385 918 411 ut
936 375 1184 411 urbicariarum
1209 385 1342 408 numero
1369 365 1681 419 cornprelzc‘izdaizcr.
1734 376 1827 408 Haec
1847 375 1919 408 Sir-

310 433 479 470 mondus,
507 441 606 475 quem
625 427 778 462 consulat
800 428 827 460 is
841 451 849 466 ,
877 426 938 470 qui
955 424 1055 471 plura
1073 423 1161 458 volet
1179 423 1218 456 de
1236 422 1478 457 suburbicariis
1494 448 1502 463 ‚
1531 434 1562 457 et
1582 434 1659 457 cum
1685 434 1725 457 eo
1755 422 1916 464 Salmafii‚

313 480 546 519 Go1hofredi,
574 477 775 514 Alexandri,
801 473 1298 519 aliorumquelucubrationes,
1326 472 1382 516 qui
1401 470 1631 516 quaestionem
1657 472 1742 507 hanc
1773 485 1810 507 ex
1837 484 1917 518 pro-

310 531 395 569 fesso
412 542 535 576 magna
553 529 748 564 animorum
765 525 1012 560 concertatione
1032 521 1228 558 trastarunt.
1280 525 1357 556 Nos
1378 533 1489 555 autem
1510 534 1563 559 ea,
1599 534 1683 566 quae
1703 522 1918 558 verisimilio-

313 597 351 620 ra
368 581 467 615 nobis
486 577 553 614 visa
570 576 660 617 sunt,
688 574 756 610 fine
773 574 845 609 ullo
861 576 1012 620 partium
1029 572 1139 608 studio
1155 569 1389 611 defendimus,
1418 583 1454 605 ac
1478 572 1559 611 tria,
1588 573 1622 605 ni
1645 569 1748 606 fallor
1762 597 1770 612 ,
1807 571 1917 607 osten·
1955 589 1966 596 ι

315 634 438 668 dimus.
490 628 646 663 Primum
664 624 709 659 est
726 625 883 669 regiones
906 635 937 658 et
954 621 1103 658 ecclefias
1120 620 1364 656 suburbicarias
1388 633 1439 655 eas
1461 622 1603 655 minime
1619 620 1683 655 dici
1702 618 1811 667 posse,
1833 633 1918 667 quae

311 684 417 727 longe
438 678 478 713 ab
497 677 582 713 urbe
599 675 744 711 semotae
767 685 882 714 erant,
910 673 1062 717 nihilque
1080 670 1256 706 absurdius
1286 670 1387 716 fingi,
1415 682 1515 715 quam
1544 671 1610 705 hoc
1634 672 1776 706 nomine
1800 682 1918 706 omnes

311 730 471 777 imperii,
497 727 551 761 vel
569 724 753 761 occidentis
770 725 966 770 provincias
982 733 1014 757 et
1028 721 1175 756 ecclefias
1200 721 1374 767 adpellari.
1424 720 1635 758 Secundum,
1670 722 1863 766 provincias
1887 730 1920 756 et

317 779 465 817 ecclesias
484 776 730 812 suburbicarias
748 775 838 809 ultra
865 772 1082 808 centesimum
1102 770 1144 805 ab
1162 771 1248 806 urbe
1267 770 1410 805 milliare
1428 769 1600 816 protendi.
1654 758 1813 806 Tertium
1833 771 1919 806 veri-

313 830 524 867 fimillimum
545 824 680 866 effe,ens
702 836 823 860 omnes
841 823 1015 868 regiones,
1051 833 1137 866 quae
1161 822 1290 856 vicario
1317 819 1413 855 urbis
1441 819 1608 866 parebant
1635 819 1812 866 ipsamque
1838 820 1919 856 Sici-

313 880 395 916 liam
415 904 423 920 ,
451 875 643 924 provincias
670 871 768 908 fuisse
793 872 1042 908 suburbicarias
1070 882 1101 906 et
1127 870 1275 905 ecclefias
1300 869 1548 905 suburbicarias
1574 882 1647 907 eas,
1675 882 1760 914 quae
1785 872 1820 905 in
1847 867 1918 905 istis

312 928 512 975 regionibus
531 925 654 973 positae
670 935 779 963 erant,
796 935 941 968 quarum
962 921 1123 956 exarchus
1146 931 1234 960 erat,
1251 918 1308 954 seu
1324 919 1515 965 patriarcha
1533 923 1706 955 Romanus
1724 920 1918 966 episcopus-

314 976 489 1018 Haflenus
506 976 547 1010 de
563 975 675 1010 forma
690 984 722 1008 et
739 972 976 1007 distributione
992 969 1204 1005 ecclefiarum
1221 982 1240 1005 a
1266 968 1365 1004 nobis
1383 967 1512 1004 distum
1531 968 1595 1008 est,
1623 981 1713 1005 nunc
1738 969 1778 1004 de
1801 969 1918 1007 forma

312 1027 522 1076 judiciorum
539 1022 832 1061 ecclefiasticorum
849 1020 1020 1068 agendum
1037 1017 1093 1054 est.

1756 2272 1870 2328 DE*
1910 2267 1918 2276 '
