2001 2733
318 178 825 217 DISSERTATIONES
860 179 1202 219 HISTORICAE.
1254 185 1514 222 nmini-NH.
1618 200 1689 235 473

220 268 273 306 Ab
299 269 352 304 his
376 278 487 303 autern
507 268 749 316 episcoporum
773 268 914 318 judiciis
942 268 1074 315 semper
1090 283 1282 317 provocare
1298 272 1417 309 licebat
1437 274 1477 308 ad
1497 275 1690 322 principem
1709 285 1743 313 et

82 322 86 323 ⁷
118 319 253 356 civilem
281 317 532 365 magistratum,
561 331 598 354 ut
616 321 760 354 habetur
782 320 816 352 in
842 319 1034 354 authentica
1051 319 1073 354 si
1099 333 1138 355 ex
1160 321 1339 367 imperiali
1352 324 1427 359 cod.
1450 324 1491 358 de
1510 324 1661 371 episcopi
1681 339 1740 362 au-

120 369 296 416 dientia,si
311 380 351 404 ex
370 371 543 416 imperiali
552 368 708 416 jusfione,
738 380 795 404 aut
812 368 964 414 judiciali
983 381 1165 416 praecepto
1187 369 1367 419 episcopus
1388 372 1515 419 judicat
1532 376 1621 409 inter
1644 388 1742 420 quas-

119 431 267 464 cumque
290 418 449 465 personas
464 444 472 458 ,
500 419 686 464 appellatio
707 429 764 453 aut
781 418 823 452 ad
846 419 1043 463 principem
1067 431 1124 454 aut
1149 420 1190 454 ad
1215 434 1310 463 eum,
1340 423 1399 466 qui
1420 423 1612 464 transmisit,
1634 438 1739 471 nego.

118 470 206 504 tium
224 467 477 505 transferatur„
500 479 532 502 et
550 467 684 502 novella
709 474 765 512 83.
791 467 939 503 Rubrica
960 467 1159 514 hujusmodi
1178 472 1241 514 est,
1269 482 1307 507 ut
1325 471 1437 507 clerici
1454 474 1547 519 apud
1570 486 1738 521 proprio:

116 519 248 566 judices
268 519 514 553 conveniantur
531 528 562 552 et
580 516 657 563 post
676 517 742 552 hoc
762 517 854 565 apud
873 515 987 552 civiles
1005 517 1144 564 judiees.

187 601 393 641 ffAdversus,
406 604 465 638 ista
483 603 571 638 nihil
586 603 627 638 ab
645 602 1064 652 adversariisnpponitur,
1085 607 1185 653 quod
1202 607 1340 654 alicujus
1359 606 1397 642 sit
1413 609 1579 643 momenti
1597 610 1636 642 ad
1656 623 1739 655 pro.

117 655 268 691 bandum
287 654 360 701 jure
380 653 498 687 divino
518 664 574 686 aut
591 652 733 686 naturali
751 651 888 687 clericos
907 653 968 688 esse
985 668 1003 690 a
1020 657 1172 702 judiciis,
1206 657 1329 700 poenis
1350 669 1382 691 et
1401 657 1561 692 oneribus
1579 659 1736 695 civilibus

115 706 314 744 immunes-‚
345 702 449 747 quod-
467 703 558 744 euim
583 700 747 748 afferunt*
764 701 805 735 de
831 701 944 742 levitis
973 717 1006 739 et
1024 704 1255 745 sacerdotibus
1273 706 1392 740 veteris
1413 705 1617 750 testamenti,
1646 710 1737 744 haud

117 753 242 800 prohat
266 753 352 799 juris
380 750 470 789 istud
492 749 562 794 ⁴esse
586 749 746 798 naturalis⁴
772 749 973 799 autudivini,
1001 751 1057 787 sed
1078 764 1210 791 tantum
1228 755 1430 789 conveniens
1451 754 1533 793 esse,
1562 768 1599 792 ut
1615 769 1738 804 respu-

115 803 201 843 blica
232 800 418 843 sacerdotes
435 811 454 834 a
476 798 618 843 ,tributis
636 798 827 848 pendentiis
845 801 981 846 eximat.
1037 804 1141 845 Quod
1159 814 1240 837 vero
1260 803 1356 838 aiunt
1371 817 1409 838 ex
1429 816 1520 840 novo
1544 804 1738 844 testamento

116 850 290 887 Christum
308 849 415 884 dicere
434 846 523 883 filios
543 847 653 895 sponsi
672 861 689 883 a
707 848 847 883 tributis
866 849 927 884 esse
946 848 1091 893 liberos,
1121 852 1161 887 de
1179 851 1209 887 se
1227 863 1360 887 tantum
1378 852 1531 888 Christus
1550 855 1649 896 dicit,
1676 858 1737 901 qui,

113 913 192 940 cum
214 899 299 946 esset<
315 910 428 934 rerum
453 899 606 934 omnium
640 898 800 933 dominus
816 925 824 940 ,
853 900 984 937 ratione
1007 901 1142 936 divinae
1170 913 1310 937 naturae
1329 900 1421 937 haud
1439 903 1615 940 tenebatut
1632 903 1738 942 tribu-¹

117 962 192 996 tum
210 948 340 985 solvere
354 974 363 990 ‚
402 959 434 983 et
450 944 649 984 tamen'tam
667 944 734 995 pro
752 947 808 987 se„
828 961 930 994 quam
945 963 1011 998 pro
1031 950 1097 988 suis
1119 950 1288 987 tributum
1305 950 1391 987 solvi
1408 951 1508 999 juffit.

213 1039 364 1074 Gravius
390 1034 527 1072 fortasse
555 1036 746 1078 videbitur,
773 1037 867 1083 quod
893 1040 991 1075 nobis
1009 1039 1176 1088 objiciunt
1192 1041 1323 1087 legibus
1342 1053 1410 1077 tam
1428 1042 1603 1084 civilibus,
1634 1056 1736 1090 quam

115 1088 341 1127 ecelesiasticis·
365 1096 537 1131 tangquam
555 1085 658 1128 nefas.
670 1096 702 1122 et
727 1088 888 1124 illicitum
911 1092 1017 1125 vetari
1030 1116 1038 1131 ,
1066 1103 1106 1126 ne
1133 1092 1208 1136 quis
1225 1091 1365 1126 clericus
1382 1092 1474 1138 apud
1494 1093 1608 1139 civiles
1626 1097 1738 1141 magi-

114 1139 233 1174 stratus
260 1138 382 1184 litiget.
435 1140 478 1172 Et
506 1136 644 1182 quidem
663 1137 931 1183 innumerixsunt
947 1149 1108 1182 canones,
1137 1140 1265 1185 quibus
1285 1154 1398 1187 poena
1415 1140 1571 1178 statuitur
1588 1144 1624 1177 in
1638 1145 1739 1187 cleri,-

113 1200 190 1229 cos,
220 1189 278 1233 qui
304 1187 346 1222 ad
372 1186 498 1233 judices
527 1186 727 1233 hujusmodi
755 1187 866 1223 causas
896 1189 966 1225 suas
991 1190 1194 1227 detulerunt.
1247 1192 1300 1225 Sic
1329 1203 1457 1225 canone
1484 1205 1576 1228 nono
1600 1190 1737 1231 concilii.

111 1233 386 1283 Carthaginensis·
399 1236 500 1272 tertii.
553 1237 731 1277 sanatur,
759 1237 964 1286 itt-quixquis
981 1238 1218 1287 episcoporum,
1246 1240 1536 1287 presbyterorum,
1576 1252 1608 1277 et
1627 1243 1736 1278 diaco-

111 1290 228 1323 norum
245 1288 305 1332 seu
333 1284 548 1323 clericorum,
575 1298 644 1322 cum
670 1290 706 1321 in
725 1287 850 1333 ecclesia
868 1292 899 1322 ei
913 1291 1030 1334 fuerit
1048 1292 1173 1325 crimen
1189 1292 1413 1330 intentatum,
1442 1293 1495 1325 vel
1512 1294 1623 1326 civilis
1642 1296 1738 1338 causa

103 1331 227 1383 faerit
252 1334 428 1383 con'i‘m'otfu
442 1335 473 1379 fi
498 1336 614 1371 reliflo'
643 1336 843 1382 ecclesiastico
859 1338 993 1384 judicio
1007 1342 1162 1386 purgari
1179 1340 1343 1379 voluerit,
1372 1340 1496 1385 etiamsi
1504 1352 1570 1385 pro
1590 1341 1648 1375 hoc
1664 1344 1736 1388 ipso

112 1385 182 1419 tata
192 1382 312 1429 faerit
324 1383 514 1426 sententia,
540 1385 641 1417 locum
650 1386 746 1427 suum
765 1389 926 1428 amittat„
954 1396 989 1421 et
1004 1386 1060 1421 lio:
1076 1390 1112 1420 in
1130 1387 1300 1420 criminali
1310 1387 1458 1432 judicio,
1486 1391 1522 1422 in
1539 1390 1636 1423 civili
1653 1402 1736 1426 vero

111 1433 247 1481 perdat.
305 1430 406 1473 Quod
436 1430 563 1475 enimfi
581 1432 682 1466 locum
692 1434 790 1475 suum
808 1431 959 1468 obtinere
975 1435 1132 1470 voluerit.
1187 1437 1269 1469 Can.
1286 1436 1365 1470 item
1386 1449 1417 1479 9.
1438 1448 1531 1471 conc.
1555 1438 1738 1475 Chalcedo-

114 1477 221 1516 nensis
239 1479 415 1515 statuitur,
431 1486 479 1512 ut
494 1490 502 1511 ι
522 1480 657 1513 clericus
673 1478 794 1514 habeat
812 1485 985 1528 negotium
1004 1483 1167 1528 adversus
1184 1486 1354 1525 clericum,
1382 1498 1447 1520 non
1464 1488 1633 1536 relinquat
1651 1491 1736 1536 elus-

115 1538 228 1578 copum
244 1532 358 1574 suum,
386 1536 419 1562 et
445 1526 490 1561 ad
509 1526 701 1571 saecularia
719 1527 857 1573 judicia
881 1540 1089 1566 revertatur.
1144 1533 1343 1577 Agathensis
1363 1535 1499 1569 concilii
1522 1549 1649 1572 canone
1679 1550 1733 1580 32.

116 1581 277 1616 clericum
305 1577 437 1612 nullum
461 1575 554 1622 apud
571 1573 772 1611 saecularem
790 1576 936 1622 judicem
953 1578 1118 1624 episcopo
1138 1592 1207 1615 non
1233 1583 1450 1626 permittente
1474 1584 1618 1630 pulsare.
1672 1579 1735 1624 Le*r

115 1643 172 1678 ges
190 1642 270 1669 vero
290 1627 405 1670 civiles
422 1624 654 1667 idemvvetant.
707 1626 759 1661 Sic
774 1625 847 1671 lege
868 1638 898 1670 7.
917 1626 958 1661 de
980 1627 1147 1673 episcopis
1168 1640 1200 1663 et
1218 1631 1349 1665 clericis
1386 1644 1537 1673 vetatur,
1557 1647 1598 1669 ne
1623 1636 1737 1672 clerici

116 1680 157 1717 ad
175 1680 285 1721 curi&
316 1677 550 1716 devocentur,
586 1672 642 1709 sed
666 1685 704 1709 ut
730 1674 919 1721 pleniffima
945 1677 1164 1712 immunitate
1187 1680 1375 1724 potiantur.
1429 1684 1471 1716 Et
1498 1682 1572 1729 lege
1593 1685 1653 1721 ult.
1691 1686 1733 1726 de

116 1724 288 1776 episcopi&
307 1738 338 1762 et
356 1726 502 1766 clericis,
531 1723 655 1765 clerici,
677 1737 763 1770 quos
779 1723 989 1760 indiscretim
998 1726 1041 1761 ad
1059 1725 1376 1775 saecularesjudices
1395 1730 1516 1766 debere
1538 1732 1659 1769 deduci
1677 1732 1737 1771 im'-

114 1781 244 1828 peritus
263 1775 494 1825 praescriptor
512 1772 693 1812 dimiserat,
707 1773 890 1821 episcopali
910 1775 1097 1811 audientiae
1115 1775 1338 1815 reserventur.
1393 1782 1454 1814 Fas
1473 1781 1560 1816 enim
1582 1796 1649 1818 non
1679 1775 1734 1825 est',

115 1840 154 1865 ut
181 1827 301 1863 diversi
327 1826 478 1860 muneris
505 1822 652 1858 ministri
679 1824 924 1869 temporalium
952 1825 1156 1871 potestatum
1184 1825 1368 1863 subdantur
1392 1830 1555 1871 arbitrio,
1584 1833 1732 1878 denique

116 1877 266 1914 Novella
287 1884 342 1919 83.
362 1872 564 1921 justiniani,
593 1872 705 1908 clerici
721 1872 881 1922 jubentur
897 1874 1230 1924 prius,ab;episcopo
1249 1876 1385 1924 spoliari
1403 1879 1568 1926 dignitate
1586 1881 1734 1919 sacerdo-

119 1927 195 1968 tali,
223 1936 405 1971 antequam
425 1936 442 1958 a
461 1921 612 1969 praeside
627 1923 824 1969 provinciae
840 1923 1043 1970 judicentur.

267 2011 490 2059 Respondeo‚
519 2009 604 2045 nihil
623 2009 691 2046 istis
710 2011 898 2047 canonibus
920 2024 960 2048 vet
984 2010 1115 2061 legibus
1140 2014 1302 2061 probari,
1339 2029 1441 2062 quam
1464 2018 1557 2064 quod
1591 2021 1732 2057 minime

118 2061 377 2101 controversum
396 2060 457 2101 est,
485 2060 658 2107 principes
676 2073 800 2107 nempe
819 2060 1001 2098 saeculares
1018 2062 1188 2113 episcopis
1207 2065 1273 2100 hoc
1289 2067 1509 2114 privilegium
1530 2070 1734 2112 concessisse,

119 2125 158 2150 ut
173 2112 286 2149 causae
306 2111 499 2147 ordinariae
516 2110 733 2151 clericorum,
761 2111 802 2146 ad
823 2110 881 2146 eos'
895 2113 1053 2158 primum·
1068 2111 1196 2150 deferri
1212 2113 1361 2161 possent,
1389 2130 1492 2162 utque
1507 2119 1548 2152 de
1568 2119 1607 2153 iis
1626 2122 1734 2165 primi

121 2162 368 2208 cognoscerent.
421 2158 598 2196 Ecclesiam
615 2173 697 2196 vero
715 2162 913 2207 principum
929 2162 1141 2208 indulgentia
1160 2166 1272 2199 nixam
1290 2164 1349 2201 sub
1364 2169 1485 2213 poenis
1502 2167 1733 2214 spiritualibus

119 2210 277 2255 vetuisse,
306 2224 347 2248 ne
364 2210 475 2248 clerici
491 2209 646 2257 primum
665 2210 750 2251 alios
767 2211 914 2297 judges,
943 2224 1044 2257 quam
1060 2212 1239 2262 episcopos
1256 2214 1406 2259 adirent;
1434 2228 1467 2253 at
1484 2217 1572 2253 istud
1590 2220 1734 2259 minime

310 2279 312 2281 ·
883 2273 903 2298 ο
930 2273 951 2298 0
1559 2268 1683 2314 probat
