1992 2739
311 198 359 240 36
540 192 610 230 DE
634 186 917 231 ANTIQUA
942 183 1229 222 ECCLESIAE
1255 185 1594 223 DISCIPLRNA

261 280 391 317 cleliam
411 292 429 315 a
445 280 547 314 Petro
565 277 746 313 fundatam
762 288 831 311 non
848 272 948 310 fuisse
967 283 1096 309 certum
1115 272 1171 309 est.
1224 271 1360 308 Bestius
1384 273 1442 308 ille
1466 287 1544 310 meo
1574 274 1720 320 quidem·
1739 274 1869 322 judicio

262 332 471 376 loquuntur,
500 328 558 373 qui
585 326 766 362 secundum
782 325 896 360 locum
915 322 1143 359 Alexandrino
1160 322 1305 368 praesuli
1323 320 1511 359 concessum
1528 323 1590 358 effe
1615 323 1787 365 scribunt,
1816 337 1867 363 eo,

266 380 362 426 quod
380 378 584 414 Alexandria
600 375 690 413 foret
708 374 852 411 secunda
869 373 962 410 orbis
981 374 1116 410 civitas,
1144 384 1352 418 quamquam
1370 372 1405 406 id
1423 385 1493 408 non
1509 374 1556 408 ita
1577 373 1713 419 liquido
1732 373 1871 409 demon-

266 429 362 465 strari
386 427 504 473 potest.

366 479 459 512 Huic
479 475 692 524 patriarchae
709 473 846 509 concilii
864 472 1009 507 Nicaeni
1026 483 1153 508 canone
1171 475 1202 508 6.
1221 471 1273 519 jus
1293 472 1326 504 in
1345 470 1487 519 Libyam
1501 474 1724 520 ,Aegyptum
1738 482 1773 506 et
1789 474 1871 507 Pen-

269 528 415 574 tapolim
434 539 471 561 ex
499 526 636 569 amiqua
656 521 899 558 consuetudine
925 521 1126 557 vindicatur.
1180 523 1315 556 Harum
1343 521 1599 565 provinciarum
1626 523 1767 556 nomine
1783 532 1872 556 comr

264 576 528 623 prehenduntur
547 586 605 608 eae
621 585 744 608 omnes
758 571 972 618 provinciae,
1001 583 1084 615 quas
1102 573 1138 605 in
1158 568 1295 606 dioecesi
1316 571 1466 618 Aegypti
1485 568 1638 617 superius
1658 571 1871 607 enumeravi-

264 639 343 662 mus
360 651 367 667 ,
398 638 482 670 quae
500 619 676 670 praestito
706 621 870 667 augustali
885 620 1059 666 parebant.

369 675 485 710 Latius
503 674 593 708 hunc
613 669 727 718 postea
745 671 994 717 patriarchatus
1012 668 1062 714 sui
1077 667 1201 702 limites
1221 665 1415 705 extendisle‚
1443 666 1564 701 nullibi
1595 667 1740 713 legimus
1755 694 1763 708 -Ι
1799 668 1873 703 imo

271 724 398 760 constat
416 736 493 759 eum
524 721 608 757 nihil
633 721 819 766 quidquam
847 721 881 753 in
906 717 1061 753 Africam
1091 716 1331 751 occidentalem
1351 717 1433 763 juris
1454 715 1621 757 habuiss'e,
1650 730 1711 752 nec
1732 729 1871 754 eorum.

267 787 354 820 quae
372 776 406 808 in
426 786 462 808 ea
476 771 677 819 gerebantur
690 796 698 811 ,
725 768 824 804 fuiss'e
838 768 1051 814 participem.
1077 767 1254 801 Somniant
1279 767 1385 811 igitur
1403 766 1450 800 illi
1467 790 1476 804 ‚
1504 767 1561 810 qui
1584 778 1687 801 totam
1707 766 1876 808 Africam,

266 835 376 870 prout
396 823 490 857 tertia
508 821 601 856 orbis
619 832 696 866 pars
715 819 775 859 est,
805 817 1047 864 patriarchatui
1069 815 1301 850 Alexandrino
1324 815 1521 850 attribuunt.

366 873 529 906 Tertium
555 869 800 916 patriarcha-tus
824 868 991 902 honorem
1010 865 1145 900 sortitus
1166 863 1209 898 est
1228 865 1460 899 Antiochenus
1482 862 1680 910 episcopus,
1699 865 1792 913 cujus
1811 877 1871 911 pa..

266 921 426 957 triarchia
445 921 588 955 orientia
610 917 747 954 dioecesi
776 915 915 957 finitur,
953 927 1013 949 n-ec
1041 916 1130 948 enim
1149 926 1317 956 unquam,
1349 925 1385 948 ut
1408 913 1543 958 fingunt
1570 914 1728 954 nonulli,
1757 914 1808 948 vel
1836 915 1870 948 in

267 970 461 1005 universam
480 969 609 1008 Aliam,
639 967 691 1002 vel
709 967 743 1000 in
762 978 906 1000 caeteras
927 965 1064 1009 imperii
1081 962 1247 997 dioeceses
1266 987 1276 1002 ‚
1301 961 1455 997 Asianam
1474 961 1615 1003 scilicet,
1643 965 1819 997 Ponticam
1841 974 1874 997 et

266 1012 472 1054 Thracicum
491 1019 543 1064 jus
560 1016 822 1062 patriarchicum
842 1014 997 1048 obtinuit.
1040 1011 1078 1045 ld
1105 1012 1235 1055 quippe
1252 1009 1400 1055 expreffe
1419 1023 1548 1045 vetatur
1565 1012 1603 1045 in
1621 1012 1765 1046 concilio
1784 1014 1874 1046 Con«

267 1066 585 1112 ssantinopolitano,
597 1077 628 1100 et
639 1061 831 1099 dioeceseon
850 1061 944 1096 Asiae
956 1085 965 1101 ,
993 1060 1091 1094 Ponti
1112 1071 1142 1093 et
1161 1059 1327 1093 Thraciae
1345 1071 1424 1093 cura
1441 1059 1575 1093 illarum
1592 1060 1763 1106 episcopis
1781 1072 1874 1095 corn·

267 1117 431 1151 mittitur.
487 1117 563 1149 Nec
581 1125 734 1158 unquam·
747 1111 858 1156 leges,
885 1108 1138 1144 Antiochenam
1157 1106 1357 1153 episcopum
1387 1107 1437 1154 jus
1465 1108 1730 1153 patriarchstum
1757 1110 1794 1144 in
1820 1122 1878 1144 eas.

267 1164 434 1201 dioeceses
451 1162 636 1209 usurpasse,
663 1174 719 1198 aut
737 1172 815 1196 cum
832 1157 1207 1203 Constantinopolitano
1225 1156 1384 1202 episcopo
1401 1156 1473 1191 illas
1498 1153 1675 1193 invadente
1701 1161 1879 1204 tamquam

268 1227 336 1262 pro
355 1214 422 1248 suis
442 1211 618 1246 dimicasse.
671 1214 722 1245 De
742 1210 876 1243 caeteris
895 1219 1005 1241 autem
1024 1205 1120 1240 Aliae
1137 1217 1279 1249 magnae
1303 1205 1457 1249 partibus
1484 1205 1574 1239 haud
1604 1205 1742 1242 difficile
1759 1206 1803 1241 est
1822 1209 1875 1242 de-

268 1260 470 1302 monstrare,
487 1260 741 1294 Antiochenurn
761 1256 955 1301 episcopum
978 1254 1111 1288 nullum
1130 1252 1189 1288 fibi
1200 1253 1254 1299 jus
1275 1254 1308 1287 in
1329 1252 1401 1286 illas
1422 1252 1613 1288 vindicasse.
1667 1258 1761 1290 Nam
1778 1257 1876 1292 verbi

269 1312 402 1361 gratia,
429 1309 651 1344 Frumenti-us
668 1308 746 1342 li-cet
770 1307 923 1352 Tyrius,
940 1302 1126 1340 Indorum,
1158 1313 1244 1346 quos
1255 1301 1294 1335 ad
1316 1300 1415 1336 fidem
1428 1313 1656 1344 converterat,
1676 1303 1880 1350 episcopus,¹

269 1374 342 1396 non
362 1360 402 1394 ab
424 1358 655 1396 Antiocheno,
681 1357 740 1392 sed
752 1354 792 1389 ab
812 1351 993 1389 Athanasio
1009 1351 1236 1387 Alexandrino
1254 1351 1429 1386 ordinatus
1450 1350 1511 1387 est,
1539 1363 1575 1386 ut
1598 1350 1687 1387 testis
1711 1352 1755 1388 est
1778 1354 1872 1390 Rufl,

270 1410 330 1445 fib.
355 1421 414 1444 105
428 1420 454 1442 c.
475 1421 505 1452 9.

374 1457 467 1492 Idem
495 1453 649 1492 Ruffinus
675 1451 733 1486 lib.
768 1462 822 1486 11.
852 1463 877 1485 c.
910 1455 941 1485 6.
971 1460 1082 1486 narrat
1098 1446 1254 1494 Moysem
1269 1449 1513 1483 Saracenorum
1543 1449 1787 1496 episcoporum
1816 1465 1875 1489 ore

271 1508 426 1543 dinatum
452 1505 552 1540 fuisse
577 1504 617 1539 ab
646 1499 815 1547 episcopis
844 1500 1045 1536 orthodoxis
1073 1497 1418 1544 Aegypti‚quoniam
1445 1496 1608 1533 deduffius
1635 1500 1875 1539 Alexandriam

271 1555 385 1603 passus
417 1568 487 1590 uon
524 1565 592 1589 erat
621 1551 653 1586 se
680 1563 697 1585 a
722 1550 829 1585 Lucio
864 1551 994 1585 Ariano
1023 1547 1186 1594 episcopo
1212 1545 1431 1582 Alexandriae
1458 1547 1621 1583 ordinari.
1699 1551 1769 1592 Qui
1796 1564 1872 1588 mos

272 1605 497 1642 Asiaticorum
524 1600 748 1650 perseveravit
776 1599 815 1633 ad
845 1598 1023 1646 Justmiani
1050 1607 1232 1641 tempora:
1270 1595 1330 1630 sub
1356 1609 1394 1630 ea
1419 1598 1541 1632 etenim
1570 1597 1648 1632 Indi
1676 1599 1891 1647 episcopum,

273 1655 315 1691 ab
341 1653 572 1691 Alexandrino
598 1649 754 1698 praesule
780 1649 908 1694 petiere
928 1674 936 1689 ‚
971 1659 1007 1682 ut
1033 1644 1138 1680 refert
1164 1644 1322 1679 Elmacin.
1352 1643 1424 1679 hist.
1452 1649 1558 1681 Sarac.
1586 1647 1642 1681 lib.
1676 1660 1704 1682 1.
1734 1661 1761 1686 c,
1795 1663 1847 1685 12,

375 1705 443 1739 His
478 1703 588 1738 tribus
613 1699 810 1747 patriarchis
840 1699 908 1733 duo
933 1696 1048 1743 postea
1071 1691 1179 1742 junffl
1205 1692 1302 1728 fuere
1321 1718 1330 1731 ,
1366 1694 1758 1741 Constantinopolitanus
1785 1698 1873 1734 scili..

273 1765 323 1789 cet
350 1758 386 1788 et'
408 1751 762 1800 HierosOIymitanus,
790 1747 831 1781 de
859 1758 1011 1792 quorum
1036 1744 1247 1780 institucione
1264 1767 1276 1782 ,
1308 1755 1339 1778 et
1365 1743 1602 1791 jurisdiffione
1635 1747 1738 1792 paulo
1770 1748 1871 1786 latius

273 1802 501 1838 differendum
527 1800 582 1837 est.

374 1853 567 1887 Bizantinus
595 1849 774 1897 episcopus
802 1844 1012 1881 Heracleensi
1029 1844 1181 1890 primum
1202 1839 1365 1888 episcopo
1386 1840 1649 1889 fiiffragabatur,
1677 1855 1717 1881 ut
1733 1847 1779 1882 ait
1799 1848 1874 1883 Ge.

275 1900 334 1937 Jas.
358 1899 449 1948 epist.
474 1914 504 1935 2.
559 1904 603 1936 At
627 1899 804 1946 postquam
835 1895 890 1930 illa
918 1894 999 1928 urbs
1022 1907 1040 1928 a
1062 1891 1280 1928 Constantino
1312 1891 1452 1925 secunda
1483 1892 1576 1927 orbis
1603 1893 1684 1929 urbs
1713 1893 1801 1932 fagia
1826 1897 1871 1933 est

272 1950 413 1997 ejusque
440 1951 577 1984 nomine
599 1950 719 1984 donata
735 1973 743 1988 ,
771 1946 870 1981 altius
889 1943 921 1978 se
939 1943 1097 1978 extollere
1115 1941 1224 1986 coepit
1244 1940 1314 1987 ejus
1341 1940 1491 1982 antistes,
1521 1954 1556 1976 ac
1580 1944 1724 1989 proprie
1747 1958 1870 1982 metro-

275 2001 397 2046 poleos
414 1999 533 2044 jugum
552 2010 715 2038 excutere,
745 1997 778 2029 in
798 2006 947 2033 tantum,
977 2004 1015 2027 ut
1040 1993 1074 2026 in
1101 1990 1246 2026 concilio
1270 1988 1651 2036 Constantinopolitano
1676 1995 1812 2038 primus
1839 1997 1870 2030 ei

275 2050 417 2085 honoris
437 2047 512 2093 post
530 2050 720 2083 Romanum
740 2044 832 2078 locus
851 2042 1090 2077 concederetur
1118 2053 1145 2076 c.
1169 2051 1197 2083 3.
1225 2040 1603 2086 constantinopolitanus
1631 2042 1751 2078 habeat
1773 2048 1871 2091 prio-

276 2112 334 2134 res
361 2100 490 2133 honoris
515 2106 631 2143 partes
657 2094 803 2141 πρεσβεῖα
821 2095 873 2128 τῆς
896 2093 1000 2137 rip-iic,
1026 2090 1095 2138 post
1111 2088 1290 2124 Romanum
1307 2090 1506 2135 episcopum,
1536 2102 1587 2130 eo,
1621 2091 1712 2137 quod
1728 2093 1766 2129 tit
1782 2105 1871 2128 nova

276 2149 392 2183 Roma.
445 2145 509 2180 Sed
529 2157 614 2180 circa
631 2155 794 2179 canonem
814 2142 912 2176 istum
932 2140 1038 2175 multa
1058 2139 1170 2184 quaeri
1189 2136 1312 2177 solent,
1343 2150 1424 2182 quae
1450 2138 1548 2172 nobis
1562 2139 1778 2175 currentibus
1795 2154 1868 2178 mo·

275 2209 348 2233 tam
365 2195 502 2230 faciunt.
557 2197 672 2230 Primo
694 2193 791 2239 liujus
808 2193 954 2237 ’γνησιότης
973 2198 1149 2224 revocatur
1166 2188 1199 2220 in
1229 2187 1371 2221 dubium
1394 2199 1411 2220 a
1440 2189 1588 2222 Baronio
1615 2199 1647 2222 et
1672 2189 1745 2223 aliis
1761 2215 1769 2230 ‚
1807 2193 1868 2235 qui

276 2258 439 2282 canonem
464 2244 556 2280 hunc
572 2243 845 2281 commentitium
873 2253 906 2276 et
929 2237 1138 2288 suppositum
1165 2233 1226 2271 effe
1250 2235 1456 2285 arbitrantur
1478 2236 1530 2274 his
1558 2237 1748 2273 rationibus
1773 2242 1888 2283 moti„

1660 2299 1688 2322 1.
1716 2288 1821 2332 Quod
