2022 2733
324 187 355 221 n
372 161 1243 231 ISS‘ERTATIONEsHISTDRmAB.
1269 192 1428 232 mmm
1448 197 1527 235 vn.
1627 209 1698 246 40³
1717 233 1728 241 ,

268 276 455 318 Secundo,v
470 276 599 312 nullam
612 275 723 325 'hujus
743 278 919 326 privilegii
938 280 1148 315 mentionem
1164 279 1246 318 facit
1264 283 1428 321 diaconus
1447 284 1634 335 exscriptor
1657 291 1744 327 vitae

117 324 221 360 fausti
241 327 424 372 Gregorii,
451 326 507 361 etfi
525 325 556 361 se
575 325 703 362 dederit
720 329 867 371 occalio,
887 342 964 366 cum
992 329 1049 365 lib.
1080 341 1110 374 3.
1131 343 1158 366 c.
1182 344 1212 367 ι.
1243 333 1283 368 de
1308 333 1475 381 rescripto
1510 338 1676 385 Gregorii
1702 341 1745 376 ad

118 375 371 411 Brunichildem
391 388 422 411 et
438 376 721 412 Theodebertum
745 392 860 426 regem
880 379 1013 415 Galliae
1031 381 1241 418 mentionem
1259 381 1362 425 facit‚'
1387 386 1514 421 nullam
1535 389 1615 423 item
1635 389 1743 436 Greg.

117 427 217 466 VH„
235 426 296 471 qui
321 426 355 461 in
372 427 439 472 Ep.
456 426 497 461 ad
525 427 781 464 Herimannum
801 429 987 465 Metensem
1002 456 1009 470 ‚
1047 429 1107 465 ubi
1137 430 1253 467 laudat
1278 434 1503 481 privilegium
1536 439 1743 474 xenodochii

119 474 433 521 Augustodunensis
454 475 563 511 eidem
583 476 761 522 Gregorio
777 479 984 514 attributum
1011 479 1052 514 ad
1077 479 1290 524 probandam
1317 483 1568 521 abdicationem
1595 489 1742 523 Henrici

118 527 196 564 1v.,
225 525 348 560 dehoc
367 538 449 561 vero
464 526 752 562 Sammedardenfi
777 529 984 574 privilegio,
1011 529 1106 572 quod
1132 529 1203 576 ejus
1226 532 1408 577 proposito
1432 534 1537 580 longe
1564 539 1672 582 magis
1692 536 1742 572 fa-

117 572 230 616 visset,
260 577 403 610 omnino
421 574 501 610 filet.
1512 592 1514 594 ’

146 633 148 636 ’
267 625 404 664 Tertio,
427 623 537 670 stylus
556 622 658 669 hujus
675 621 851 668 privilegii
872 622 1003 658 alienus
1029 636 1047 658 a
1071 623 1159 670 stylo
1180 627 1346 671 Gregorii
1366 639 1399 662 et
1420 630 1586 665 recentius
1619 643 1740 669 aevum

117 672 218 720 sapit,
248 673 390 708 ridicula
406 671 583 718 inser-iptio
601 674 630 706 ei
648 670 798 718 praefixa
819 669 865 706 est
881 698 888 712 ‚
918 672 1050 717 qualem
1077 686 1252 721 nunquam
1273 677 1371 711 habet
1389 679 1593 722 Gregorius.
1649 683 1687 716 In
1699 694 1741 726 eo

112 720 327 767 poffeffiones
345 734 378 758 et
393 722 493 757 villae
512 733 676 757 vocantur
692 721 802 757 Manli
820 746 829 758 ‚
855 719 957 758 fundi
984 724 1078 768 'regii
1099 721 1186 764 fisci,
1216 723 1348 760 sanstus
1359 727 1551 763 Medardus
1576 729 1738 768 dominus

112 771 302 807 Medardus
323 796 332 809 ,
376 784 460 818 quae
488 773 608 806 omnia
635 771 714 806 sunt
743 772 815 806 aevi
843 771 1020 816 Gregorio
1044 773 1194 813 multum
1229 778 1442 811 recentioris.
1504 777 1739 816 Successorum

115 819 236 857 uideni
264 820 391 857 nomen
415 821 464 856 ibi
487 819 584 867 saepe
610 822 777 861 occurrit,
805 820 900 865 quod
917 832 994 855 ante
1015 821 1203 866 Dagoberti
1229 833 1388 870 tempora
1415 838 1484 861 non
1516 840 1585 864 erat
1610 829 1644 863 in
1665 829 1740 866 usu.

264 880 420 924 Quarto,
449 878 556 913 multa
582 878 732 914 continet
760 878 824 913 hoc
852 879 1078 925 privilegium
1104 879 1212 920 falsa,
1247 882 1357 930 qualia
1383 884 1460 920 sunt
1490 887 1742 926 'monasterium

112 932 143 965 S.
160 930 335 970 Meda-di,
365 929 448 964 olim
466 927 596 963 dissum
614 928 710 963 fuisse
730 928 969 963 monasterium
992 928 1120 964 sanstae
1147 931 1209 965 Dei
1225 933 1400 976 genitricis
1418 937 1550 970 Mariae
1571 950 1602 972 et
1625 938 1742 975 beato-

114 992 191 1014 rum
212 980 304 1014 Petri
320 991 356 1012 ac
375 978 554 1023 Stephani,
582 990 671 1024 patet
690 979 779 1011 enim
800 991 837 1011 ex
855 980 1032 1023 Gregorio
1054 980 1247 1014 Turonenfi
1276 981 1334 1017 lib.
1354 983 1397 1017 de
1423 984 1511 1029 glor.
1539 986 1640 1023 Conf.
1662 1000 1735 1035 cap.

114 1041 170 1074 95.
190 1028 247 1064 lib.
268 1040 298 1071 4.
331 1026 418 1064 Hist.
437 1029 557 1064 Franc.
581 1039 634 1071 19.
654 1029 847 1062 Fortunato
873 1027 931 1063 lib.
954 1041 987 1070 4.
1016 1028 1057 1063 de
1080 1031 1147 1065 vita
1169 1030 1313 1066 Martini
1335 1044 1366 1066 et
1389 1033 1430 1067 ab
1460 1034 1531 1080 ipso
1557 1036 1735 1082 Gregorio

113 1075 211 1125 saepe
229 1089 260 1113 et
277 1077 350 1112 aliis
369 1088 545 1122 nunquam
566 1077 661 1112 aliter
677 1075 805 1111 dietam
827 1077 911 1111 hanc
929 1077 1094 1113 ecclesiam
1115 1092 1215 1124 quarn
1237 1078 1340 1115 sanEii
1358 1082 1519 1119 Medardi
1545 1084 1733 1128 bafilicam.
1749 1102 1754 1106 ·

114 1141 217 1177 quarn
237 1139 390 1173 tempore
408 1127 574 1172 Gregorii
594 1126 836 1161 monasterium
857 1126 953 1161 fuilse
970 1128 1112 1173 probari
1137 1130 1278 1164 minime
1297 1130 1417 1176 potest.

262 1177 395 1220 Quinto
418 1170 687 1221 subscriptiones
704 1175 819 1210 νοθέωιν
836 1175 936 1223 huj'us
952 1175 1167 1212 instrumenti
1186 1177 1294 1214 statim
1313 1181 1476 1226 produnt.
1509 1181 1735 1221 subscribunt

111 1228 141 1262 ei
158 1226 408 1262 Alexandrinus
428 1237 459 1260 et
477 1223 745 1270 Carthaginenfis
765 1225 943 1265 antistites,
970 1226 1010 1260 ad
1030 1239 1117 1271 quos
1133 1240 1185 1262 res
1202 1228 1261 1263 ista
1287 1230 1370 1274 quid
1392 1232 1570 1277 pertinet?
1616 1237 1735 1270 Num..

112 1276 197 1322 quid
215 1275 425 1311 illi-Romam
442 1273 619 1314 venissent,
649 1286 687 1309 ut
704 1273 898 1308 monasterii
924 1275 1110 1311 Gallicani.
1146 1288 1178 1311 et
1207 1290 1247 1311 ne
1273 1279 1480 1322 quidemvde
1506 1280 1644 1316 nomine
1672 1283 1732 1320 sibi

111 1327 184 1361 noti
193 1324 384 1371 ‘privilegio
404 1322 674 1365 subscriberent?
702 1322 924 1356 Subscribunt
940 1325 1020 1357 item
1040 1324 1110 1358 duo
1130 1326 1329 1362 Portuenses
1349 1327 1519 1373 episcopi,
1547 1333 1732 1367 unusGr'e-

112 1376 252 1422 goriuS,
278 1372 361 1408 alter
382 1371 476 1407 Felix
503 1373 667 1412 nomine,
703 1371 888 1407 Eutherius
913 1371 1109 1407 Arelatenfis
1135 1372 1341 1412 subscribit,
1376 1378 1436 1421 qui
1466 1389 1548 1413 tunc
1577 1381 1732 1417 Are-latae

94 1437 178 1460 ·non
198 1421 424 1471 praefidebat,
453 1420 706 1466 sedVirgilius:
735 1421 913 1456 AEtherius
930 1434 1011 1456 vero
1029 1434 1097 1457 non
1108 1422 1290 1459 Eutherius
1300 1425 1540 1471 Lugdunensis
1556 1441 1634 1470 erat,
1662 1443 1734 1467 non

110 1472 314 1510 Arelatensis
341 1470 534 1518 episcopus.
593 1469 803 1516 Augustinus
824 1471 1089 1507 Cantu'ariorum
1120 1484 1151 1507 et
1165 1473 1327 1509 Meletius
1354 1476 1551 1511 Londaniae
1576 1479 1732 1527 episcopi

111 1523 343 1562 fixbf'cribunt,
370 1521 429 1565 qui
446 1531 516 1554 tum
538 1520 692 1552 nondum
711 1530 804 1553 erant
823 1520 989 1565 episcopi:
1018 1521 1218 1560 subscribit,
1246 1523 1355 1559 nescio
1373 1527 1451 1569 quis
1470 1527 1624 1563 Satellius
1643 1533 1731 1566 Bur-

115 1570 319 1614 dcq'alensis,
346 1581 442 1616 cujus
463 1567 554 1602 nulla
573 1567 654 1602 alibi
673 1568 857 1608 memoria,
886 1569 958 1602 imo
977 1580 1049 1605 turn
1068 1570 1212 1606 florebat
1223 1573 1428 1618 Burdegalae
1441 1575 1621 1622 episcopus
1633 1582 1732 1615 Gun-

113 1613 286 1668 dcssgisilus.
338 1619 476 1654 Flavius
493 1615 709 1654 Rhemum,
737 1615 1054 1663 cujussubscriptio
1075 1631 1214 1665 quoque
1231 1621 1373 1667 legitur,
1400 1636 1477 1659 ante
1495 1624 1576 1660 haee
1594 1639 1731 1674 tempo.

113 1684 150 1707 ra
166 1671 382 1706 Rhemorurn
402 1666 581 1714 episcopus
603 1667 671 1701 fuit
689 1667 779 1713 juxta
800 1668 1046 1705 Fortunarum,
1084 1680 1116 1703 et
1138 1671 1284 1705 concilio
1302 1673 1506 1708 Arvernenfi
1524 1687 1613 1710 anno
1651 1691 1730 1722 535,

113 1716 319 1765 subscripsit.
372 1718 526 1762 Denique
544 1715 621 1763 post
639 1715 815 1762 episcopos
836 1715 1014 1752 subscribit
1035 1730 1095 1752 rex
1111 1718 1374 1759 Theodericus,
1400 1725 1461 1768 qui
1489 1726 1645 1762 nondum
1671 1740 1728 1764 rex

112 1781 183 1806 erat
197 1760 332 1805 vivente
349 1767 458 1802 adhuc
480 1765 699 1800 Lhildeberto
728 1777 834 1811 patre.

263 1822 360 1854 Sexto
379 1842 388 1855 ,
421 1817 536 1851 datum
571 1815 698 1850 dicitur
731 1814 817 1849 istud
853 1814 1078 1861 privilegium
1114 1828 1145 1860 7.
1164 1817 1329 1853 Kalendas
1361 1820 1456 1866 Junii
1490 1834 1581 1857 anno
1607 1824 1648 1859 ab
1675 1826 1728 1860 in-

113 1870 308 1905 carnatione
335 1867 469 1903 domini
499 1877 580 1911 594.
614 1862 804 1901 indistime
836 1877 888 1900 11.
915 1864 994 1899 haec
1020 1878 1131 1901 autem
1158 1866 1304 1904 indistio
1332 1881 1401 1903 non
1429 1872 1464 1904 in
1491 1885 1619 1908 annum
1649 1886 1727 1919 593.

113 1919 242 1954 incidit.

105 1971 111 1976 '
263 1967 433 2012 Septimo,
462 1962 641 2013 privilegia
665 1963 719 1998 hic
739 1963 867 1997 indulta
887 1963 999 1998 abbati
1017 1964 1322 2000 Sammedardensis
1349 1966 1543 2005 monasterii
1560 1983 1591 2007 et
1606 1971 1731 2008 fastuo-

113 2017 146 2053 sa
166 2017 220 2056 illa
238 2006 341 2052 verba
357 2018 391 2050 in
410 2028 507 2065 reges
529 2011 720 2058 longiffime
737 2011 855 2047 absunt
874 2025 889 2046 a
907 2015 1009 2058 genio
1028 2024 1059 2047 et
1081 2026 1190 2048 mente
1208 2014 1312 2050 sanEH
1334 2017 1510 2062 Gregorii.

262 2083 413 2116 Demum
431 2090 521 2112 anno
545 2089 648 2122 ¹13¹·
671 2076 823 2121 nondum
842 2073 940 2109 fuisse
959 2074 1154 2110 confeRum
1182 2076 1269 2112 istud
1295 2079 1518 2130 privilegium¹
1550 2083 1726 2130 colligitur

115 2127 152 2164 essx¹
172 2130 334 2165 chronico
352 2131 383 2163 S.
403 2127 581 2165 Medardi,
608 2126 665 2160 ubi
685 2137 840 2162 notatur,
868 2126 1102 2159 Innocentium
1126 2128 1166 2160 Il.
1186 2139 1312 2173 papam
1332 2139 1410 2163 tunc
1437 2131 1593 2166 Odo‘nem
1623 2134 1724 2168 abba.

115 2170 185 2214 iem
205 2181 302 2227 hujus
322 2177 472 2212 ecclesiae
490 2174 708 2216 consecrasse,
737 2176 845 2209 inviro
862 2181 894 2209 'et
911 2174 1133 2209 contendente
1152 2175 1310 2222 episcopo
1329 2177 1546 2213 Sueffion‘enfi
1572 2181 1723 2227 Josseno,

113 2241 144 2263 ei·
159 2229 271 2275 postea
288 2228 455 2265 basilicam
471 2229 502 2262 S.
523 2226 680 2262 Medardi
698 2226 740 2283 de
760 2238 850 2260 novo
874 2221 1084 2308 εοέΐίεζειίαίἓ.
1135 2226 1239 2268 Quod
1264 2226 1287 2262 si
1311 2228 1533 2295 privilegium
1561 2233 1727 2317 Εζίἱῖξίῑ
