1982 2739
1640 148 1658 159 f

295 220 366 253 144
491 206 560 240 DE
605 201 880 245 ANTIQVA
915 199 1228 234 ECCLESIAE
1270 195 1607 233 DISCIPLINA

249 298 298 333 no
315 294 528 339 Carthaginis
557 287 701 326 adfuisse
722 290 891 324 dicuntur.
943 285 1011 321 His
1040 297 1148 320 autem
1174 286 1286 321 verbis
1311 297 1468 332 concepta
1496 282 1551 322 est.
1605 284 1813 331 Optaremus,
1832 281 1864 330 fi

250 344 518 395 quemadmodum
540 341 699 383 [anilitas
715 350 777 374 tua
796 339 835 373 de
853 337 1004 371 adventu
1022 338 1161 381 Apiarii
1177 337 1315 371 laetatos
1342 349 1399 370 vos
1412 335 1536 381 fauste,
1573 334 1664 381 miffis
1689 346 1752 379 per
1784 345 1865 368 com-

249 394 484 443 presbyterum
505 391 644 438 nth'J-um
664 389 797 423 Leonem
817 388 945 422 litteris
963 387 1157 421 intimavit,
1190 388 1241 419 ita
1268 398 1321 419 nos
1349 395 1473 431 quoque
1501 383 1541 418 de
1565 385 1633 430 ejus
1657 385 1868 429 purgatione

250 448 329 480 lmec
343 445 470 488 scripta
487 453 555 475 cum
573 440 707 473 laetitia
728 440 940 471 mitteremus.
995 433 1089 482 Effet
1100 435 1254 479 profeilo
1274 443 1305 468 et
1325 434 1432 481 nostra
1457 442 1489 467 et
1505 432 1610 476 vestra
1636 432 1729 467 modo
1747 432 1868 466 alacri·

251 504 302 529 tas
322 493 464 531 certior,
494 501 548 524 nec
563 496 751 536 propterea
768 485 959 523 videretur,
977 494 1059 530 quae
1081 482 1186 517 adbuc
1205 482 1246 517 de
1264 482 1430 518 audiendo
1448 493 1543 529 quam
1568 481 1608 515 de
1625 480 1744 516 audito
1765 491 1870 527 prae-

255 543 400 589 cefferat.
455 538 673 574 Adveniente
688 544 775 570 certe
793 533 838 568 ad
859 546 915 567 nos
925 533 1039 578 sastfio
1047 533 1170 577 fratre
1186 541 1219 567 ct
1234 533 1417 578 coepiscopo
1434 530 1538 577 nostro
1563 530 1738 576 Faustino,
1766 531 1869 564 conci-

257 594 340 627 lium
361 589 656 637 congregavimus,
683 592 715 618 et
730 582 932 617 credidimus
948 581 1022 616 ideo
1040 592 1110 615 cum
1128 581 1186 615 illo
1204 583 1346 628 missum,
1373 582 1525 627 quoniam
1534 578 1620 626 ficut
1627 591 1694 625 per
1710 580 1782 623 ejus
1796 588 1870 624 ope·

255 653 329 675 ram
345 638 555 686 presbyterio
581 641 682 668 antea
699 631 854 667 redditus
873 633 1009 676 fuerat,
1038 633 1087 664 ita
1108 642 1191 664 nunc
1219 631 1324 677 poffet
1347 630 1386 664 de
1414 632 1521 663 tantis
1546 626 1740 663 criminibus
1754 626 1821 672 fibi
1847 638 1870 662 a

262 687 466 725 Tabracenis
492 683 627 730 oijfiis
647 693 682 716 eo
707 680 880 716 laborante
896 683 1066 726 purgari,
1096 690 1188 724 cujus
1208 689 1307 713 tanta
1325 692 1363 713 ac
1380 688 1446 714 tam
1473 679 1629 712 immania
1643 677 1788 725 flagitia
1813 675 1872 712 de-

256 740 385 783 cursum
405 734 507 780 nostri
527 732 656 767 concilii
673 740 828 766 examen,
854 737 891 762 ut
909 730 1082 762 memorati
1095 730 1322 772 patrocinium
1337 730 1449 774 potius
1470 739 1568 775 quam
1578 726 1744 772 judicium
1761 737 1799 759 ac
1816 724 1872 760 de-

254 788 402 834 fensoris
421 783 528 830 magis
543 791 678 826 operam
695 790 789 825 quam
805 777 1039 822 disceptatoris
1048 776 1217 822 justitiam
1230 779 1446 824 superarent.
1497 776 1587 810 Nam
1603 778 1748 821 primum
1770 786 1873 822 quan-

256 846 327 871 tum
343 833 508 879 obstiterit
525 830 614 864 omni
632 828 885 876 congregationi
904 825 1056 868 diversas
1073 827 1219 871 injurias
1237 825 1424 874 ingerendo
1439 824 1527 873 quali
1547 825 1688 870 ecclesiae
1704 824 1873 859 Romanae

261 884 403 933 afferens
419 879 634 928 privilegia,
661 885 693 911 et
712 878 824 910 volens
841 885 912 907 eum
932 885 951 906 a
969 871 1062 906 nobis
1079 875 1114 906 in
1132 878 1390 910 communionem
1401 876 1547 920 suscipi,
1572 884 1663 920 quem
1680 872 1876 917 tuasanHi-

258 944 312 970 tas
329 930 464 967 credens
483 925 663 976 adpellaffe
675 951 682 965 ‚
710 923 798 973 quod
812 921 958 969 probare
975 932 1041 956 non
1057 925 1192 967 potuit,
1221 925 1439 959 communioni
1455 922 1677 967 reddiderat3
1704 921 1792 969 quod
1811 923 1875 956 mi-

259 986 350 1018 nime
367 981 484 1016 licuit,
512 975 596 1024 quod
616 974 784 1023 gestorum
803 974 902 1023 etiam
921 972 1036 1005 melius
1054 970 1192 1009 leHione
1205 973 1381 1019 cognosces.
1439 970 1617 1006 Triduano
1644 980 1757 1006 tamen
1775 968 1875 1013 labo-

261 1029 423 1078 riofiffimo
448 1029 579 1072 agitato
590 1024 744 1070 judicio,
798 1033 867 1055 cum
884 1020 1017 1064 diversa
1034 1018 1135 1053 eidem
1153 1018 1278 1066 objeHa
1293 1019 1498 1067 afflik’iiffimi
1515 1030 1765 1066 quaereremus,
1818 1020 1875 1056 vel

260 1091 370 1115 moras
391 1076 572 1123 coepiscopi
590 1072 695 1120 nostri
712 1070 882 1117 Faustini,
912 1069 966 1103 vel
985 1070 1286 1114 tergiversationes
1308 1070 1407 1117 ipfius
1423 1070 1584 1114 Apiarii,
1611 1067 1733 1116 quibus
1753 1066 1882 1114 nefanss

262 1129 321 1166 das
338 1124 575 1173 turpitudines
593 1123 737 1158 occulere
755 1118 947 1154 conabatur.
999 1117 1093 1153 Deus
1101 1117 1210 1164 judex
1226 1118 1348 1165 justus,
1371 1120 1479 1165 fortis
1505 1127 1537 1152 et
1553 1118 1773 1165 longanimis,
1806 1130 1878 1152 ma-

262 1191 331 1227 gno
348 1174 534 1222 compendio
551 1173 729 1218 resecavit,
764 1171 910 1204 tetriore
933 1169 1056 1214 quippe
1081 1180 1118 1201 ac
1138 1168 1316 1213 putidiore
1337 1166 1556 1214 obstinatione
1579 1166 1776 1213 compreffa,
1803 1166 1880 1214 {qua

267 1235 397 1263 tantum
417 1223 595 1258 libidinum
613 1232 744 1255 coenum
761 1218 971 1263 impudentia
994 1219 1187 1262 negationis
1212 1215 1346 1250 volebat
1371 1216 1519 1253 obruere.
1546 1246 1548 1249 .
1570 1215 1645 1250 Deo
1675 1216 1782 1259 nostro
1803 1212 1879 1261 ejus

267 1274 469 1317 conscientia
489 1270 693 1304 coarflantffi
719 1275 752 1300 et
769 1266 903 1300 occulta,
925 1274 1006 1308 quae
1034 1266 1071 1296 in
1097 1265 1190 1296 illius
1206 1263 1303 1296 corde
1328 1271 1486 1309 tanquam
1507 1266 1544 1297 in
1565 1261 1740 1297 volutabro
1764 1267 1878 1298 crimi-

263 1335 340 1358 num
351 1324 423 1368 jam
441 1315 641 1354 damnabat,
667 1317 767 1349 etiam
788 1311 969 1346 bominibus
989 1311 1180 1356 publicante
1207 1319 1347 1356 repente
1372 1314 1408 1346 in
1433 1310 1658 1358 confessionem
1685 1312 1876 1348 cunfforum

266 1371 462 1416 objeHorum
477 1367 690 1414 flagitiorum
712 1362 836 1406 dolosus
855 1369 999 1408 negator
1027 1361 1164 1404 ernpit:
1199 1359 1459 1395 incredibilibus
1487 1359 1678 1406 opprobriis
1705 1361 1877 1396 ultroneus

259 1423 296 1467 se
319 1420 387 1466 ipse
409 1417 572 1454 convicit,
600 1422 700 1460 atque
721 1412 827 1457 ipsam
844 1419 971 1456 quoque
988 1408 1122 1450 nostram
1131 1408 1242 1452 spem,
1270 1421 1334 1454 qua
1357 1419 1427 1444 eum
1449 1408 1657 1444 credebamus
1684 1417 1718 1444 et
1739 1409 1884 1456 optaba-‘v

265 1482 334 1506 mus
351 1467 390 1502 de
409 1475 476 1501 tam
487 1462 656 1511 pudendis
671 1460 757 1506 poffe
771 1459 942 1504 purgari,
971 1457 1142 1488 convertit
1164 1458 1201 1489 in
1218 1459 1373 1503 gemitus.
1425 1457 1498 1504 Nifi
1514 1461 1668 1505 quoniam
1687 1457 1778 1504 istam
1795 1470 1879 1494 moe·
1894 1456 1896 1459 ’

259 1519 392 1565 stitiam
405 1526 470 1549 uno
491 1521 622 1547 tantum
635 1510 758 1554 solatio
775 1507 973 1554 mitigavit,
1001 1503 1088 1550 quod
1110 1511 1143 1538 et
1162 1515 1218 1538 nos
1237 1503 1349 1539 labore
1364 1505 1596 1542 diuturnioris
1615 1506 1813 1555 quaestionis
1823 1507 1880 1543 ab·

261 1568 389 1613 solvit,
417 1572 449 1598 et
458 1563 528 1607 suis
549 1556 745 1594 vulneribus
763 1556 1015 1603 qualemcunque
1030 1551 1207 1593 medelam,
1245 1553 1301 1600 etsi
1321 1556 1452 1595 invita,
1491 1568 1528 1590 ac
1548 1557 1632 1599 suae
1657 1558 1880 1600 conscientiae

267 1614 453 1650 reluflante
470 1609 665 1657 confeffi'one
679 1604 858 1654 providit,
887 1602 1016 1637 domine
1027 1604 1168 1648 frater,
1193 1605 1358 1649 praefato
1377 1606 1488 1651 itaque
1506 1602 1638 1639 debitae
1655 1605 1880 1649 salutationis

268 1665 390 1709 officio,
418 1659 584 1707 impendio
602 1657 828 1704 deprecamur,
845 1661 884 1687 ut
902 1651 1055 1698 deinceps
1073 1650 1118 1685 ad
1135 1651 1256 1697 vestras
1273 1664 1372 1686 aures
1387 1654 1467 1687 hinc
1481 1655 1650 1688 venientes
1659 1664 1724 1688 non
1733 1655 1880 1700 facilius

268 1713 476 1750 admittatis,
504 1721 559 1744 nec
577 1721 596 1742 a
617 1705 708 1741 nobis
729 1704 1015 1738 excommunicatos
1033 1703 1068 1734 in
1087 1703 1340 1736 communionem
1368 1703 1484 1737 velitis
1510 1703 1683 1749 excipere3
1717 1705 1798 1750 quia
1821 1705 1881 1739 1104-

271 1766 373 1799 etiam
389 1762 540 1796 Nicaeno
559 1756 690 1792 concilio
709 1751 884 1795 definitum
894 1750 1004 1797 facile
1019 1750 1172 1784 advertit
1189 1749 1430 1787 venerabilitas
1446 1759 1518 1786 tua.
1571 1751 1662 1785 Nam
1685 1751 1741 1797 etst
1765 1751 1806 1786 de
1829 1764 1881 1788 m-

263 1809 452 1860 ser-ioribus
470 1809 596 1842 clericis
614 1806 668 1838 vel
684 1804 779 1837 laicis
798 1797 1005 1842 videtnribi
1020 1797 1240 1844 praecaveri,
1267 1808 1388 1846 quanto
1405 1802 1513 1848 magis
1529 1800 1586 1835 lzoc
1598 1799 1639 1834 de
1656 1800 1809 1846 episcopis
1826 1812 1881 1836 vo-

270 1863 336 1897 luit
354 1858 544 1904 observari,
572 1866 612 1889 ne
631 1856 667 1888 in
682 1855 745 1897 sua
760 1851 934 1896 provincia
951 1860 970 1881 a
988 1851 1208 1883 communione
1211 1847 1362 1894 suspensi
1370 1873 1378 1888 ,
1407 1862 1426 1883 a
1442 1858 1503 1884 tua
1514 1849 1698 1894 sanHitate
1716 1850 1770 1884 vel
1775 1861 1898 1896 prae--

267 1919 409 1957 propere
428 1908 478 1941 vel
504 1903 656 1940 indebite
680 1900 864 1935 videantur
888 1900 1102 1932 communioni
1127 1897 1268 1943 restitui.
1321 1896 1594 1945 Presbyterorum
1621 1908 1748 1946 quoque
1774 1907 1809 1934 et
1825 1901 1883 1944 se-

272 1961 445 2007 quentium
464 1956 656 1989 clericorum
676 1948 823 1996 improba
847 1949 990 1994 refugia
1009 1946 1096 1992 ficut
1119 1956 1154 1981 te
1178 1945 1317 1994 dignum
1345 1948 1489 1993 repellat
1505 1948 1670 1991 Janffitas
1694 1955 1772 1988 tua„
1801 1950 1904 1996 quia*

272 2017 304 2043 et
328 2007 420 2041 nulla
436 2013 573 2051 patrum
592 2000 787 2044 definitione
803 1998 860 2032 lzoc
879 1996 1024 2039 ecclesiae
1043 1995 1235 2044 derogatum
1253 1995 1295 2042 est
1313 1995 1519 2041 Africanae,
1548 2005 1582 2032 et
1605 1992 1744 2032 decreta
1757 1996 1883 2033 Nicae-

273 2069 335 2096 na‚
356 2054 427 2101 five
445 2053 639 2097 inferioris,
659 2048 731 2094 five
741 2047 929 2093 superioris
946 2044 1080 2092 gradus
1098 2046 1246 2081 clericos,
1264 2043 1336 2090 five
1352 2046 1435 2090 ipsos
1447 2047 1627 2091 epifi-opos,
1655 2047 1886 2093 metropolita·

271 2107 325 2141 nis
341 2100 538 2150 aperttffime
556 2099 785 2136 commiserunt
797 2120 805 2135 ‚
830 2093 1076 2141 prudentzffime
1090 2096 1174 2130 enim
1183 2092 1416 2140 justiffimeque
1434 2094 1599 2129 viderunt
1616 2105 1823 2142 quaecunque
1831 2105 1888 2131 ne-

270 2156 372 2202 gotia
389 2154 426 2186 in
437 2152 509 2195 suis
527 2150 615 2185 locis,
631 2147 688 2181 ubi
708 2154 781 2180 orta
790 2146 873 2189 sunt
885 2143 1058 2186 finienda,
1085 2155 1142 2179 nec
1159 2144 1337 2190 unicuique
1358 2143 1604 2189 providentiae
1628 2144 1787 2192 gratiam
1805 2145 1887 2188 sam

272 2205 319 2239 81·
339 2203 483 2248 spiritus
504 2198 720 2244 defuturam,
748 2206 811 2243 qua
833 2196 983 2240 aequitas
1001 2207 1021 2227 a
1038 2191 1159 2239 Clzrzsti
1176 2191 1414 2232 sacerdotibus,
1442 2202 1473 2227 et
1487 2191 1680 2240 prudenter
1706 2191 1880 2236 videatur,

274 2262 307 2288 et
326 2247 566 2298 constantiffime
582 2254 756 2284 teneatur:
783 2245 927 2280 maxime
944 2246 1023 2292 quia
1041 2244 1219 2290 unicuique
1238 2240 1410 2290 conccffum
1428 2241 1488 2290 est,
1532 2240 1563 2290 fi
1580 2240 1716 2288 judicio
1738 2240 1883 2291 offensus
1909 2286 1915 2293 α

1716 2291 1834 2338 fuer-ie
