1992 2739
314 218 356 260 38
563 208 634 244 DE
657 199 934 249 ANTIQUA
960 195 1240 238 ECCLE'SIAE
1265 198 1605 237 DISCIPLINA

265 302 425 351 episcopo
460 293 839 340 Constantinopolitano
874 292 927 340 jus
962 290 1084 326 tribuit
1117 290 1152 325 in
1183 288 1337 324 Afianam
1372 299 1431 324 aut
1457 290 1627 324 Ponticam
1659 285 1836 324 dioecesim
1856 314 1865 327 τ

266 352 358 402 quod
386 349 485 386 nobis
512 348 667 393 deinceps
692 342 909 390 probandum
935 340 991 377 est.

367 400 512 436 Concilii
542 392 915 438 Constantinopolitani
946 402 1076 425 canone
1107 401 1234 425 meram
1268 399 1400 423 tantum
1426 387 1569 423 honoris
1596 387 1871 433 praerogativam

266 446 646 494 Constantinopolitano
667 441 826 491 episeopo
853 438 1037 476 concessam
1056 437 1135 480 effe,
1163 451 1232 474 non
1260 450 1387 478 autem,
1415 449 1452 471 ut
1479 436 1616 482 quidam
1641 436 1866 472 arbitrantur.

267 505 301 537 in
324 500 544 536 Thracia-am,
583 495 757 531 Ponticam
783 502 815 526 et
841 489 996 525 Asianam
1023 487 1184 524 dioeceses
1211 486 1447 522 auctoritatem
1465 511 1474 523 ‚
1500 485 1603 520 verba
1629 485 1702 531 ipsa
1733 486 1869 519 canonis

266 562 384 596 aperte
413 545 641 582 demonstrant
660 557 665 576 :
695 544 739 577 ita
756 542 848 574 enim
868 538 897 573 se
915 539 1021 574 habet.
1069 538 1446 583 Constantinopoliramn
1465 537 1630 581 episcopus
1648 534 1767 569 habeat
1783 548 1870 580 agec-

266 603 339 642 βεῖα
354 602 403 636 τῖις
425 599 528 642 mair,
566 596 620 629 Ιιοε
637 593 695 640 est,
730 591 923 638 privilegia
939 590 1070 623 honoris
1092 587 1162 633 post
1188 587 1377 622 Romanum.
1433 586 1519 628 Quis
1542 597 1650 618 antem
1670 596 1738 617 non
1757 584 1866 617 videat

267 652 349 685 haec
366 647 468 682 verba
485 643 568 679 nihil
589 643 679 678 aliud
697 640 831 676 sonare,
860 649 961 682 quam
994 648 1119 671 meram
1146 636 1289 670 honoris
1315 635 1585 682 praerogativam
1603 659 1611 674 ,
1649 631 1871 677 quemadmo-

270 701 352 734 dum
377 706 408 731 et
435 697 469 730 in
496 694 651 729 Nicaeno
675 689 825 725 concilio
855 687 1017 722 ἀκολουθία,
1039 689 1090 722 τῆς
1110 688 1212 730 rimie,
1247 697 1334 728 quae
1361 683 1677 730 Hierosolymitano
1706 682 1871 716 tribuitur

268 747 453 794 episcopo,
491 742 576 777 nihil
605 741 695 776 aliud
718 738 787 778 est,
834 749 935 781 quam
961 736 1106 770 honoris
1135 733 1374 780 privilegium;
1404 734 1478 777 quis
1497 758 1504 772 ,
1535 735 1692 777 inquam,
1720 731 1865 765 somniet

269 794 466 843 hujusmodi
486 791 599 826 verbis
617 785 994 831 Constantinopolitano
1020 783 1160 820 antistiti
1178 783 1279 818 tribui
1296 781 1570 829 jurisdiffionem
1589 784 1622 816 in
1649 792 1716 816 tres
1735 780 1867 815 dioece-

269 846 319 881 ses
340 872 347 886 ‚
376 844 414 878 de
435 842 557 887 quibus
577 839 666 874 nulla
687 839 734 873 ibi
751 835 788 871 fit
807 835 959 869 mentio?
986 836 1116 868 Nonne
1133 833 1197 867 hoc
1218 830 1266 866 est
1292 832 1450 878 affingere
1476 831 1618 866 concilio
1647 829 1842 864 sententiam
1859 854 1867 868 ,

270 908 356 941 quae
376 905 411 927 ex
431 893 500 939 ejus
520 890 631 925 verbis
649 886 796 931 exsculpi
812 885 954 918 minime
973 882 1084 928 potest
1101 883 1120 915 ’Β
1149 881 1240 925 Quid
1258 882 1353 925 quod
1382 881 1570 916 concilium
1597 880 1721 914 diserte
1743 876 1869 924 fignifi-

268 958 320 980 cat
337 944 367 978 se
385 937 525 976 noluisse
543 938 730 983 quidquam
755 932 1134 978 Constantinopolitano
1159 929 1319 976 episcopo
1339 930 1525 965 concedere
1544 932 1578 964 in
1598 927 1760 963 dioeceses
1780 926 1868 962 Alia-

267 1006 345 1029 nam
365 1003 395 1025 et
419 990 605 1024 Ponticam.
633 989 725 1020 Nam
747 995 876 1017 canone
897 981 1126 1026 praecedenti,
1155 981 1189 1013 in
1214 991 1281 1022 quo
1300 980 1426 1014 limites
1446 978 1585 1013 istarum
1604 977 1796 1012 dioeceseon
1815 976 1869 1011 ad·

265 1042 455 1087 signantur,
483 1037 574 1070 nulla
590 1033 792 1069 conceditur
807 1031 842 1064 in
859 1042 910 1064 eas
931 1028 1080 1074 potestas
1097 1027 1158 1062 ulli
1177 1038 1315 1062 externo
1333 1027 1494 1072 episcopo
1514 1053 1523 1067 ,
1550 1029 1620 1061 imo
1640 1037 1711 1060 tota
1733 1026 1869 1060 illarum

267 1087 511 1127 administratio
528 1083 703 1130 episcopis
723 1081 789 1115 luis
807 1077 988 1115 tribuitur,
1015 1089 1048 1111 et
1066 1076 1187 1110 diserte
1207 1086 1353 1115 vetatur,
1383 1088 1425 1109 ne
1444 1088 1512 1109 non
1532 1078 1641 1110 vocati
1660 1077 1808 1122 episcopi
1827 1074 1873 1109 ad

268 1142 393 1175 affienas
413 1135 570 1179 dioeceses
597 1131 755 1167 accedant
789 1125 1036 1168 ordinationis,
1072 1125 1123 1160 vel
1143 1123 1282 1171 alicujus
1306 1123 1537 1160 ecclesiasticae
1563 1123 1867 1159 administrationis

268 1189 391 1234 gratia,
421 1196 504 1230 quae
530 1181 722 1229 prohibitio
746 1176 914 1223 generalis
945 1175 1005 1216 est,
1042 1187 1075 1209 et
1098 1186 1205 1218 aeque
1229 1172 1644 1218 Constantinopolitanum
1674 1171 1872 1218 episcopum

265 1237 453 1273 Thracicae
474 1229 661 1266 dioeceseos
679 1227 859 1261 exarchum
877 1222 1136 1268 complessitur,
1161 1234 1198 1254 ac
1215 1221 1419 1266 Ephesinum
1439 1221 1591 1260 Afianae,
1605 1233 1660 1255 aut
1677 1220 1871 1255 Caesareen-

267 1287 334 1322 sem
355 1282 518 1317 Ponticae.
570 1275 761 1312 Confirmat
782 1272 870 1308 istud
889 1272 938 1306 lex
953 1269 1143 1306 Theodofii
1161 1267 1271 1304 statim
1290 1269 1367 1315 post
1383 1269 1566 1304 concilium
1585 1270 1664 1309 lata,
1695 1282 1760 1314 qua
1781 1270 1870 1315 'jubet

268 1337 456 1380 imperator
473 1326 619 1363 ecclesias
640 1325 738 1360 Ponti
755 1334 786 1358 et
803 1320 899 1356 Asiae
917 1320 1022 1358 tradi5
1047 1332 1118 1355 non
1142 1320 1202 1359 iis,
1233 1320 1291 1364 qui
1309 1316 1492 1357 Nestario.
1524 1318 1579 1354 sed
1608 1319 1668 1367 qui
1694 1319 1868 1354 nonnullis

269 1384 393 1419 harum
418 1376 674 1426 provinciarum
694 1371 860 1419 episcopis
879 1370 1179 1405 communicarent.

370 1433 551 1465 Caeterum
571 1422 695 1460 etiamst
714 1418 1090 1465 Constantinopolitano
1116 1416 1281 1463 episcopo
1303 1415 1395 1451 nulla
1424 1417 1566 1452 omnino
1593 1414 1785 1463 jurisdistio
1808 1430 1870 1464 pa.

269 1479 446 1517 triarchica
470 1476 641 1511 tribuatur
670 1483 795 1507 canone
821 1469 958 1505 concilii
991 1465 1357 1510 Constantinopolitani
1385 1466 1420 1500 in
1457 1464 1622 1501 dioeceses
1651 1465 1806 1502 Afianam
1838 1478 1869 1502 et

268 1531 462 1567 Ponticam,
491 1527 561 1560 imo
580 1535 637 1558 nec
656 1521 723 1557 ulla
741 1520 788 1555 ibi
807 1519 934 1554 mentio
952 1515 1008 1551 fiat
1029 1516 1098 1563 ejus
1120 1517 1154 1549 in
1178 1515 1364 1549 Thraciam
1390 1513 1635 1560 jurisdifflonis
1655 1528 1663 1548 ε
1693 1515 1870 1551 verisimile

269 1591 379 1616 tamen
402 1575 447 1611 est
462 1587 540 1610 eum
561 1583 634 1608 tum
660 1571 761 1617 hujus
786 1567 974 1616 postremae
1000 1563 1188 1600 dioeceseos
1221 1562 1448 1610 patriarcham
1472 1562 1588 1604 fuisse,
1617 1564 1719 1609 idque
1743 1565 1827 1612 juris
1852 1578 1871 1601 a

265 1625 479 1666 Constantini
504 1633 660 1670 tempore
691 1617 887 1655 obtinuisse-
943 1619 1080 1651 Notum
1105 1624 1194 1649 certe
1220 1612 1285 1651 est,
1311 1623 1436 1658 quanta
1469 1623 1542 1647 tum
1572 1615 1740 1659 temporis
1765 1613 1872 1650 fuerit

268 1672 634 1720 constantinopolitani
654 1668 804 1716 episcopi
825 1667 969 1712 dignitas
982 1690 990 1702 ‚
1017 1664 1058 1698 ad
1079 1674 1180 1708 quem
1199 1661 1386 1697 Alexander
1411 1662 1661 1698 Alexandrinus
1682 1662 1807 1698 litteras
1829 1664 1870 1700 de

268 1729 353 1764 Ario
373 1723 519 1770 scripsit,
544 1722 638 1770 cujus
656 1718 930 1754 communionem
948 1713 1021 1760 ipse
1045 1714 1148 1748 Arius
1165 1712 1250 1748 adeo
1269 1713 1421 1758 expetiit,
1451 1712 1545 1758 cujus
1567 1710 1677 1747 sedem
1703 1709 1868 1749 Eusebius

270 1790 302 1812 εἶ’
319 1775 494 1812 Eudoxius
511 1782 581 1807 tam
601 1769 698 1805 avide
715 1769 892 1813 arripuere
905 1789 912 1801 ,
941 1764 996 1798 hie
1012 1761 1127 1798 relista
1144 1761 1327 1797 Antiochia
1348 1761 1564 1806 patriarchali
1585 1759 1659 1796 sede
1671 1785 1679 1798 ‚
1706 1761 1762 1796 ille
1787 1774 1869 1798 vero

266 1821 520 1861 t-sssscomedienfi
539 1847 548 1859 ,
575 1832 658 1866 quae
683 1815 904 1862 metropolica
923 1811 986 1855 est3
1014 1812 1109 1859 cujus
1125 1812 1268 1855 denique
1285 1822 1374 1845 tanta
1392 1810 1459 1845 fuit
1477 1822 1556 1845 tunc
1572 1812 1738 1856 temporis
1757 1811 1871 1857 digni-

265 1887 315 1910 tm
331 1886 360 1908 et
379 1872 583 1920 ausi-oritas.
637 1872 754 1912 ltaque
772 1863 949 1901 verisimile
972 1864 1114 1897 omnino
1131 1861 1268 1896 videtur
1285 1859 1617 1906 Constantinopolim
1636 1873 1654 1895 a
1680 1860 1870 1896 Constanti.

267 1926 301 1959 ni
321 1921 534 1968 tempor¹bus
553 1918 634 1954 ficut
652 1929 721 1952 erat
739 1916 844 1951 totius
862 1913 971 1947 civilis
990 1938 998 1952 ,
1025 1913 1123 1946 etiam
1144 1907 1369 1946 ecclesiasticae
1387 1909 1575 1951 dioeceseos
1595 1911 1628 1944 in
1655 1910 1802 1944 Thracia
1819 1923 1868 1946 ca-

268 1985 332 2020 put
350 1970 455 2006 fuisse.
483 1967 697 2005 Confirmant
715 1966 1003 2010 id.quaecumque
1021 1960 1337 2006 aconciliiNicaeni
1357 1958 1588 2005 temporibus,
1615 1959 1650 1993 in
1669 1960 1772 1993 variis
1791 1972 1871 1995 con·

269 2023 355 2057 ciiii:
374 2019 461 2067 gesta
488 2018 585 2057 sunt,
620 2019 655 2051 in
680 2015 805 2060 quibus
834 2011 988 2046 videmus
1014 2010 1164 2056 episcopi
1196 2006 1562 2054 Constantinopolitani
1584 2007 1716 2054 semper
1740 2009 1868 2055 primas

268 2069 369 2106 fuiss:
386 2079 495 2115 partes
519 2082 524 2100 t
553 2064 730 2100 confirmat
748 2064 848 2097 etiam
867 2058 1069 2104 subsequens
1089 2057 1329 2105 episcoporum
1349 2057 1806 2104 Constantinopolitanorum
1832 2059 1867 2092 in

268 2119 456 2156 Thraciam
477 2115 635 2163 pooestas,
665 2124 764 2157 quam
784 2110 879 2145 nullo
898 2120 1109 2155 repugnante
1126 2108 1332 2146 habuerunt,
1350 2120 1380 2143 et
1400 2108 1441 2142 de
1459 2119 1525 2151 qua
1543 2119 1618 2142 cum
1639 2108 1772 2141 nemine
1792 2118 1870 2141 con.

271 2169 462 2205 tenderunt.
517 2167 632 2208 Iraque
652 2164 707 2196 vix
725 2161 863 2196 dubito,
885 2161 966 2203 quin
987 2158 1180 2193 Bizantinus
1199 2156 1378 2204 episcopus
1395 2170 1413 2192 a
1436 2155 1650 2203 temporibus
1678 2155 1868 2192 Constanti-

266 2220 305 2256 ni
331 2216 517 2253 dioeceseos
538 2214 635 2250 Thra
647 2214 731 2248 cicae
749 2209 853 2246 fuerit
887 2208 1056 2245 exarchus.

1729 2300 1820 2338 Post·
