2022 2733
281 189 783 226 mssERTAHONES
819 190 1193 228 HtSTOMCAE
1223 195 1382 230 stszn'r.
1410 196 1471 231 VJ,
1584 206 1655 240 309

89 275 183 313 testas
201 277 384 324 spiritualis
406 279 469 313 toti
490 277 642 314 ecelesiae
660 281 694 314 in
714 291 896 315 commune
915 292 934 315 a
954 279 1091 316 Christo
1111 280 1229 316 collata
1248 281 1304 323 sit,
1357 294 1395 318 ut
1414 285 1632 330 paragrapho
1650 284 1704 320 su·

85 329 215 373 periori
231 327 361 363 abunde
377 328 561 374 probatum
583 327 646 369 est,
675 329 811 364 aliunde
829 343 912 366 vero
932 342 1058 365 certum
1075 330 1113 366 sit
1132 331 1316 366 concilium
1335 333 1489 379 generale
1507 334 1702 370 universam

82 376 251 412 ecclesiam
260 378 506 424 repraesentare
516 390 587 413 non
607 380 687 414 item
702 381 896 415 Romanum
914 379 1133 426 pontificem,
1159 383 1236 427 quis
1255 394 1378 428 negare
1398 382 1512 429 possit,
1527 386 1612 430 quin
1632 396 1701 419 ma-

72 426 135 476 jor
152 426 192 462 fit
207 428 345 463 concilii
362 440 465 472 quam
483 430 630 463 Romani
644 428 817 474 pontificis
834 431 1022 465 autoritas?

231 479 405 513 Praeterea
420 481 584 514 Romanis
602 477 819 523 pontificibus
836 480 921 514 adeo
937 478 1137 524 persuasum
1156 477 1225 514 fuit
1244 480 1381 515 concilii
1400 483 1618 517 autoritatem
1641 483 1700 519 sua

82 526 251 576 majorem
267 526 346 568 effe,
374 539 410 563 ut
433 529 525 563 ultro
544 526 604 572 ipsi
623 527 763 561 concilia
789 528 1015 571 postularint,
1067 541 1241 571 tamquam
1265 530 1306 563 ad
1331 530 1537 565 dirimendas
1564 544 1700 567 contro-

66 581 69 584 ’
85 577 208 614 verfias
225 575 401 612 necessaria
413 602 421 617 ‚
449 576 710 623 suaquejudicia
726 575 838 609 inillis
858 574 1263 621 retrassaripostularim,
1313 588 1369 611 aut
1389 576 1504 615 saltem
1525 579 1607 627 paffi
1622 581 1700 617 fue.

84 628 176 669 rint,
206 627 306 662 docet
323 626 356 660 id
381 623 533 659 constans
552 636 588 659 ac
604 636 767 670 perpetua
783 628 1018 660 Romanorum
1036 624 1241 671 pontificum
1259 625 1448 672 disciplina.

228 679 339 720 Atque
354 685 392 708 ut
411 688 430 709 a
449 673 546 709 beato
564 676 662 708 Petro
680 675 875 716 ordiamur,
901 676 990 710 nihil
1010 676 1086 713 ille,
1112 687 1149 709 ut
1169 674 1431 723 Chryiostomus
1448 676 1621 720 observat,
1649 681 1701 714 ni-

78 725 147 766 hil,
173 725 313 769 inquam
327 749 337 762 ‚
363 723 506 771 alicujus
525 725 693 758 momenti
712 723 802 759 solus
823 726 909 770 egit,
939 724 1025 758 nihil
1044 724 1182 772 alicujus
1203 726 1372 760 momenti
1389 725 1456 760 fine
1470 729 1614 764 concilio
1634 729 1698 764 sta-

77 785 192 810 tutum
213 774 275 808 ess‘e
293 773 424 809 voluit:
453 786 531 809 cum
554 774 730 818 eligendus
747 772 922 820 apostolus
938 776 974 809 in
992 773 1105 809 locum
1117 774 1224 822 judae
1237 799 1248 815 ‚
1273 787 1350 811 cum
1376 775 1597 812 constituendi
1624 779 1696 813 dia-

47 826 51 831 *
77 825 175 866 coni,
201 823 428 869 cumraliquid
447 823 488 858 de
505 823 667 869 legalium
686 824 924 860 observatione
942 823 1155 859 statuendum
1180 824 1214 858 in
1240 836 1422 859 commune
1446 827 1610 868 consulit,
1666 824 1698 864 e‘t

76 875 192 915 omnia
208 871 357 909 fratrum
377 873 531 908 eleciioni
550 885 585 907 ac
601 872 729 920 judicio
753 875 935 920 permittit.
990 874 1032 908 Id
1052 886 1132 909 vero
1151 875 1295 908 maxime
1311 874 1416 910 elucet
1441 877 1475 909 in
1498 876 1554 910 illa
1571 877 1696 912 celebri

75 923 117 958 de
135 921 297 969 legalium
317 922 552 958 observatione
581 923 826 962 commertia,
879 936 965 968 quae
990 925 1025 958 in
1046 923 1189 958 concilio
1208 923 1460 971 Hieroiolymis
1484 938 1698 972 congregato

74 972 256 1017 disceptata
272 984 309 1007 ac
327 972 472 1019 judicata
493 972 557 1014 est3
590 972 778 1017 -totiusque
803 973 927 1020 synodi
950 985 1023 1009 non
1040 975 1141 1007 unius
1152 975 1244 1007 Petri
1267 974 1406 1007 nomine
1425 973 1570 1009 definita.
1624 979 1695 1011 His

72 1021 204 1058 verbis,
232 1023 336 1066 visum
353 1022 677 1068 estspirituisamqo
696 1031 728 1057 et
744 1022 853 1062 nobis,
881 1031 941 1057 ete.
994 1024 1073 1056 Hoc
1095 1022 1251 1066 exemplo
1274 1033 1420 1056 utuntur
1436 1023 1559 1070 synodi
1584 1037 1610 1067 5.
1639 1039 1695 1070 ge·

71 1072 198 1106 neralis
223 1082 356 1116 patres,
411 1082 448 1104 ut
470 1070 647 1105 ostendant
673 1071 810 1105 concilii
833 1069 1028 1117 praesertim
1049 1070 1215 1117 generalis
1243 1073 1456 1107 autoritatem
1475 1072 1693 1118 singulorum

71 1120 314 1168 episcoporum
332 1119 465 1166 ipsique
483 1121 628 1156 Romani
646 1119 820 1166 pontificis
839 1121 1023 1155 autoritate
1041 1122 1252 1166 superiorem
1272 1118 1334 1154 effe
1351 1133 1387 1155 ac
1405 1122 1580 1169 majorem.
1620 1125 1691 1159 His

70 1171 221 1213 „verbisz
250 1170 364 1210 Licet,
392 1172 568 1218 inquiunt,
599 1169 736 1215 spiritus
755 1168 857 1203 sanffl
876 1172 983 1215 gratia
1002 1171 1090 1204 circa
1109 1169 1257 1214 {iugulos
1286 1170 1474 1206 abundaret
1492 1172 1691 1218 apostolOS,

73 1232 134 1262 „ut
159 1232 228 1254 non
248 1219 443 1264 indigerent
460 1219 570 1252 alieno
583 1218 721 1252 consilio
740 1219 781 1251 ad
798 1232 844 1258 ea,
868 1231 952 1262 quae
972 1219 1103 1263 agenda
1122 1230 1233 1259 erant,
1287 1232 1357 1253 non
1382 1230 1494 1255 tamen
1514 1222 1611 1256 aliter
1630 1235 1693 1258 vo-

75 1271 235 1308 „luerunt
253 1269 295 1302 de
307 1280 358 1307 eo,
381 1266 472 1310 quod
489 1268 707 1306 movebatur,
733 1265 755 1299 si
773 1278 948 1310 oporteret
965 1279 1081 1311 gentes
1100 1267 1316 1304 circumcidi,
1344 1267 1693 1315 definiripriusquatn

70 1317 325 1359 „communiter
346 1314 771 1360 congregati‘·diversarum
801 1314 1046 1361 scripturarum
1073 1315 1275 1349 testimoniis
1303 1315 1536 1362 unusquisque
1556 1318 1614 1354 sua
1635 1321 1689 1355 di„

67 1366 144 1413 „sta
159 1364 462 1404 confirmaverunt,
488 1364 578 1398 unde
595 1366 823 1399 communiter
842 1365 882 1400 de
898 1377 938 1399 eo
953 1364 1149 1400 sententiam
1167 1363 1388 1410 protulerunt
1408 1367 1451 1401 ad
1471 1379 1587 1413 gentes
1607 1369 1690 1404 scri-

60 1417 228 1462 „bentesz
247 1414 358 1450 visum
373 1413 417 1449 est
435 1413 567 1459 spiritui
582 1412 695 1449 fausto
714 1427 745 1449 et
755 1414 871 1456 nobis,
901 1426 962 1450 etc.
1016 1414 1080 1449 Sed
1100 1426 1131 1449 et
1154 1413 1258 1449 sensti
1287 1427 1421 1460 patres,
1438 1418 1498 1461 qui
1525 1429 1588 1464 per
1605 1430 1689 1454 tem·

71 1480 183 1514 „pora
199 1468 234 1501 in
257 1462 379 1500 sanstis
403 1475 550 1508 quatuor
567 1463 722 1497 conciliis
742 1476 972 1500 convenerunt
988 1465 1139 1509 antiquis
1155 1464 1316 1510 exemplis
1343 1477 1476 1501 utentes
1495 1469 1690 1504 communi·

69 1529 145 1562 „ter
164 1517 206 1551 de
227 1516 352 1550 exortis
372 1511 563 1547 haerefibus
589 1524 620 1552 et
638 1512 892 1556 quaestionibus
911 1512 1173 1560 disposuerunt,
1203 1525 1296 1549 certo
1324 1515 1509 1551 constituto
1535 1519 1627 1562 quod
1648 1520 1686 1552 in

73 1563 341 1610 „communibus
360 1562 400 1597 de
418 1561 485 1596 fide
503 1559 807 1607 disceptationibus
825 1574 901 1597 cum
911 1575 1169 1608 proponuntur,
1189 1577 1274 1608 quae
1291 1577 1328 1599 ex
1344 1577 1485 1611 utraque
1503 1580 1600 1612 parte
1619 1566 1685 1602 dis-

72 1614 250 1659 „cutienda
273 1613 368 1650 sunt,
420 1611 570 1646 veritatis
603 1610 718 1645 lumen
743 1611 898 1646 tenebras
927 1613 1060 1657 expellit
1086 1613 1263 1648 mendacii.
1317 1617 1394 1650 Nec
1411 1617 1500 1650 enim
1519 1615 1629 1662 potest
1648 1617 1684 1651 in

71 1662 338 1709 „communibus
357 1662 397 1696 de
413 1659 481 1695 fide
498 1659 785 1706 disputationibus
801 1659 899 1696 aliter
917 1662 1042 1696 veritas
1066 1661 1291 1704 manifestari,
1343 1676 1421 1700 cum
1451 1666 1687 1711 unusquisque

66 1714 245 1762 „proximi
262 1711 434 1759 adjutorio
454 1710 598 1756 indiget.

220 1763 315 1796 Hinc
332 1762 467 1806 quoties
484 1761 519 1794 in
537 1758 667 1794 ecclesia
684 1759 830 1806 maj01·es
847 1771 882 1794 ac
899 1759 1074 1805 graviores
1095 1760 1341 1796 controversiae
1351 1761 1427 1797 sunt
1443 1774 1590 1802 exortae,
1601 1775 1687 1798 con-

69 1823 207 1862 gregata
227 1810 359 1857 semper
378 1808 474 1844 fuere
493 1810 644 1848 concilia.
700 1809 792 1852 Quid
810 1820 923 1844 autem
943 1808 1065 1844 necesse
1079 1808 1193 1845 fuisset
1210 1823 1245 1845 ea
1269 1813 1487 1857 congregari,
1526 1811 1549 1846 fi
1577 1811 1685 1848 solius

68 1862 218 1902 Romani
235 1860 409 1907 pontificis
430 1860 595 1894 autoritas
614 1859 746 1894 concilii
764 1860 976 1893 autoritatem
994 1858 1193 1904 superaret?
1246 1864 1291 1894 At
1308 1874 1376 1895 non
1396 1859 1454 1895 ista
1471 1859 1538 1896 fuit
1556 1864 1683 1896 Roma-

68 1925 195 1952 norum
215 1909 418 1957 pontificum
440 1909 622 1950 sententia,
652 1922 729 1953 cum
750 1908 808 1954 ipsi
833 1908 976 1944 concilia
995 1904 1086 1944 ultro
1114 1922 1150 1945 ut
1177 1908 1354 1946 necessaria
1378 1910 1551 1956 postulent
1580 1913 1682 1948 etiam

67 1963 143 2014 post
159 1961 326 2010 judicium
353 1959 460 1994 suum.

182 2015 186 2016 ⁷
216 2012 268 2045 Sic
286 2009 391 2043 clerus
410 2011 586 2043 Romanus
603 2035 610 2048 ,
638 2019 792 2054 tempore
812 2007 997 2055 Cypriani,
1025 2006 1153 2043 causam
1171 2006 1345 2054 lapsorum
1365 2021 1433 2043 non
1449 2008 1547 2044 aliter
1561 2011 1683 2044 tratia-

66 2064 98 2101 «τὶ
116 2060 210 2110 ροίῖε
228 2057 390 2097 affirmat,
420 2070 514 2105 quam
533 2059 706 2092 collatione
726 2058 929 2104 consiliorum
946 2069 1017 2092 cum
1033 2059 1212 2104 episcopis,
1260 2058 1467 2105 presbyteris
1485 2062 1682 2107 confeffiri-

61 2113 128 2149 <bus
138 2112 260 2160 fat'r'a,
286 2111 444 2157 quoniam
464 2119 519 2142 nec
531 2107 668 2150 firmum
692 2108 857 2144 decretum
874 2106 978 2154 potest
997 2107 1079 2154 effe,
1131 2107 1219 2157 quod
1234 2121 1297 2144 non
1309 2109 1532 2154 plurimorum
1552 2108 1682 2144 videbi-

72 2172 130 2198 tm·
144 2158 293 2206 kabuzffe
306 2161 508 2205 *consortium
1200 2172 1205 2175 a

866 2279 995 2322 Qq3
1576 2276 1631 2311 stc
