2022 2733
269 195 776 232 DYSSERTATIONES
830 196 1172 236 HISTORICAE.
1210 199 1466 238 Dosa—mvn.
1599 215 1664 249 355

95 292 162 319 tem
181 286 406 332 episcoporum
421 285 581 333 potestate
597 291 800 335 principum,
829 287 918 336 quod
935 291 1042 334 majus
1051 290 1099 335 sit
1115 293 1283 338 imperare
1300 292 1494 333 volentibus,
1512 305 1608 339 quam
1627 295 1714 328 invi-

94 337 149 368 tis⁵
208 335 341 370 Homil.
375 342 406 370 6.
435 338 470 370 in
497 335 624 370 isaiam.
681 340 772 373 Hinc
799 351 912 384 negat,
941 339 1141 386 episcopum
1166 340 1332 376 ullatenus
1360 343 1424 377 dici
1442 341 1535 388 posse
1555 344 1714 378 veraciter

92 378 305 429 principem,
337 387 414 430 quia
442 398 566 419 munus
592 387 661 433 ejus
689 399 818 422 tantum
845 387 890 422 est
907 388 1097 429 exhortari,
1125 403 1283 430 monere,
1312 393 1503 437 increpare,
1533 392 1644 438 ipsum
1662 405 1716 429 ve-

93 444 134 467 ro
161 433 253 468 nulla
281 435 406 469 habere
433 447 523 469 arma
546 435 727 477 senlibilza‚
758 437 811 472 sed
835 449 964 471 tanturn
985 437 1188 484 spiritualia,
1217 440 1343 485 quibus
1366 443 1483 475 nonos
1504 443 1543 476 ab
1564 441 1715 478 ecclesiae

70 490 73 493 ‘
93 485 342 519 communione
373 485 533 530 expellat,
563 485 685 528 quibus
708 487 730 520 fi
751 485 831 520 viffi
852 500 920 520 non
937 485 1082 529 fuerint,
1112 490 1197 524 nihil
1217 490 1378 529 iacerdoti
1399 491 1565 537 superesse
1579 504 1714 538 praeter

93 530 257 580 lacrymas
283 546 314 568 et
341 547 478 580 preces,
516 534 568 568 sed
591 535 670 568 haec
690 533 796 569 fufius
817 535 932 580 postea
950 533 1146 573 referemus.

193 585 299 617 Nunc
325 597 408 618 vero
436 595 660 628 properamus
688 583 728 616 ad
754 581 897 628 apostoli
929 585 1017 617 Petri
1045 585 1168 620 christi
1196 585 1347 631 magistri
1367 586 1516 633 vestigiis
1535 587 1712 627 insistentis

92 629 381 669 admonitionem,
410 634 545 676 Pascire‚
575 634 686 675 inquit
705 644 756 677 ep.
776 646 801 664 ι.
827 644 897 678 cap.
925 644 951 675 5.
974 646 1004 666 v.
1030 646 1071 671 2„
1094 637 1153 682 qui
1173 638 1210 669 in
1229 635 1322 670 vobis
1343 637 1714 686 estg1·egemDei,non

91 681 199 714 σοιτί·ῗο
214 681 480 727 [θά,,ἢαονιτα.τῑοι’
504 690 534 713 et
547 681 727 724 secundum
746 682 872 721 Deum,
900 693 1002 729 neque
1020 687 1135 729 turpis
1156 685 1246 720 lucri
1261 688 1403 732 gratia,
1425 688 1488 730 sed
1512 690 1713 728 voluntarie,

88 740 194 776 neque
220 740 258 764 ut
286 728 493 764 dominantes
520 734 555 763 in
581 732 693 769 cleris,
718 731 781 775 sed
797 734 916 777 forma
948 733 1036 775 fac-71⁴
1052 736 1176 781 gregis
1194 745 1233 768 ex
1248 736 1371 769 animo.
1429 738 1499 778 Qui
1518 750 1629 782 porro
1649 739 1714 774 cla-

89 778 163 811 rius
190 779 307 825 potuit
329 778 447 814 beatus
476 781 593 813 Petrus
622 779 763 814 illorum
794 781 1038 825 praedamnare
1062 780 1278 823 senteutiam,
1306 785 1366 828 qui
1383 787 1595 822 contendunt
1612 789 1713 824 Chri.

88 825 196 865 stum,
224 840 300 863 cum
339 827 421 862 dixit
458 829 488 861 ei
523 827 620 873 pasce
660 842 737 863 oves
765 841 872 866 meas,
906 829 1028 864 dedisse
1054 830 1104 865 illi
1136 830 1335 877 potestatem
1363 846 1485 880 regum
1511 849 1576 883 per
1611 838 1715 884 depo.

88 874 244 911 {irionem
272 878 564 923 privationemque
607 879 705 923 regni
747 879 798 913 sui
841 879 1088 924 cogendorum.
1151 882 1244 923 Quid
1288 883 1378 918 enim
1419 887 1484 919 erit
1513 887 1712 927 dominatio,

87 924 111 959 fi
155 939 223 961 nou
273 928 351 961 haec
395 928 582 962 dominatio
626 927 698 961 est?
752 930 839 962 Cum
882 942 965 974 ergo
1010 932 1127 965 Petrus
1165 943 1303 966 omnem
1349 932 1564 972 dominatum
1610 950 1711 983 prae-

86 974 206 1019 poiitis
234 976 383 1011 ecclesiae
405 976 604 1016 interdicat,
635 990 712 1011 eum
740 989 829 1012 certe
853 980 1015 1018 maxime,
1045 981 1102 1027 qui
1130 992 1338 1016 exerceretur
1360 982 1395 1016 in
1422 996 1496 1022 eos,
1525 987 1584 1030 qui
1603 987 1714 1022 domi.

39 1047 41 1049 »
89 1026 195 1059 nandi
223 1025 421 1071 potestatem
451 1025 583 1060 habent.
638 1029 816 1061 Caeterum
835 1025 922 1062 istud
944 1030 1032 1062 Petri
1053 1031 1247 1065 mandatum
1275 1044 1346 1065 non
1364 1032 1576 1069 dominantes
1594 1049 1627 1070 in
1650 1038 1710 1072 cle-

85 1075 134 1108 ris
153 1076 339 1119 generatim
365 1075 405 1110 ad
433 1087 552 1109 omnes
572 1075 735 1120 dirigitur
756 1076 953 1122 epilcopos,
983 1077 1123 1123 ejusque
1142 1078 1338 1115 successores
1357 1094 1423 1116 non
1441 1081 1534 1118 secus
1552 1097 1588 1119 ac
1606 1097 1710 1122 caete.

85 1135 144 1157 ros
171 1122 311 1170 specht,
340 1137 554 1170 quapropter
579 1126 771 1160 Bernartius
798 1124 947 1160 scribens
977 1127 1017 1161 ad
1038 1130 1229 1173 Eugenium
1247 1131 1420 1176 ingeniose
1437 1133 1646 1174 admodum,
1674 1147 1711 1173 ut

86 1171 187 1210 solet,
216 1186 253 1207 ex
279 1175 332 1208 his
360 1173 473 1208 verbis
493 1174 600 1213 elicit,
630 1176 802 1209 Romanos
819 1174 1000 1221 pontifices
1019 1177 1150 1213 nullum
1168 1179 1291 1214 habere
1311 1181 1544 1225 dominatum,
1574 1185 1709 1222 nullum

86 1223 271 1268 imperium
299 1224 334 1257 in
364 1223 547 1258 ecclefiam:
577 1227 686 1263 „Nec
709 1226 818 1264 enim,
847 1227 960 1272 inquit
989 1226 1285 1273 considerationum
1304 1229 1361 1266 lib.
1381 1245 1409 1265 2.
1428 1245 1500 1279 cap.
1521 1239 1549 1269 6.
1571 1234 1633 1269 tibi
1652 1235 1708 1270 ille

87 1297 105 1313 ‚,
117 1275 232 1307 Petrus
260 1272 357 1311 dare,
388 1273 480 1316 quod
512 1284 581 1305 non
601 1271 719 1305 habuit
737 1274 870 1317 potuit,
900 1274 992 1316 quod
1013 1275 1129 1310 habuit
1151 1277 1216 1311 hoc
1236 1279 1346 1315 dedit,
1374 1280 1636 1318 iollicitudinem
1653 1283 1709 1319 sci-

87 1348 108 1363 „
122 1321 199 1356 licet
216 1321 319 1366 super
336 1320 482 1355 ecclesias
502 1321 670 1363 numquid
690 1321 985 1355 dominationem?
1012 1324 1104 1358 Audi
1122 1325 1235 1370 ipsum
1253 1339 1322 1360 non
1341 1327 1563 1372 dominantes,
1592 1333 1648 1373 air,
1673 1335 1708 1369 in

66 1370 223 1414 ·‚,clero,
253 1369 307 1405 sed
330 1369 445 1404 forma
470 1367 552 1404 faffi
577 1369 688 1415 gregis
717 1383 754 1404 ex
783 1371 918 1408 animo,
947 1381 980 1405 et
1007 1384 1050 1406 ne
1074 1371 1204 1409 dietum
1227 1373 1298 1410 sola
1317 1375 1509 1414 humilitate
1526 1393 1622 1427 putes
1639 1396 1709 1419 non

84 1421 216 1459 „etiam
247 1421 408 1459 veritate,
436 1432 503 1454 vox
528 1418 660 1454 domini
686 1418 731 1454 est
757 1420 791 1454 in
819 1420 1015 1466 evangelio,
1046 1435 1142 1468 reges
1160 1426 1313 1470 gentium
1335 1426 1557 1465 dominantur
1577 1444 1707 1475 eorum,

85 1482 185 1512 „vos
205 1482 317 1505 autem
343 1483 412 1505 non
441 1468 502 1508 fic,
532 1467 676 1514 planum
702 1469 763 1510 est,
789 1469 953 1516 apostolis
982 1471 1196 1509 interdicitur
1221 1475 1429 1512 dominatus.
1485 1481 1501 1514 Ι
1520 1493 1604 1527 ergo
1624 1494 1658 1518 tu
1678 1496 1709 1520 et

85 1519 177 1561 „tibi
206 1519 368 1566 usurpare
398 1519 483 1553 aude
510 1528 568 1551 aut
593 1517 773 1553 dominans
799 1518 1024 1565 apostolatum
1043 1534 1099 1557 aut
1119 1523 1323 1570 apostolicus
1343 1526 1577 1571 dominatum,
1606 1533 1709 1578 plane

86 1594 107 1612 ,‚
121 1568 161 1603 ab
190 1568 354 1603 alterutro
371 1567 580 1614 prohiberis,
614 1577 672 1600 aut
691 1565 713 1600 fi
733 1578 920 1612 utrumque
936 1568 1088 1606 similiter
1109 1573 1232 1609 habere
1248 1575 1341 1616 velis,
1367 1578 1491 1622 perdes
1512 1592 1707 1628 utrumque,

85 1617 271 1661 „alioquin
302 1630 371 1652 non
400 1629 432 1651 te
457 1628 631 1662 exceptum
659 1615 799 1650 illorum
820 1629 965 1653 numero
980 1630 1095 1664 putes,
1123 1621 1165 1656 de
1186 1624 1312 1669 quibus
1331 1628 1490 1670 queritur
1505 1631 1618 1672 Deus,
1645 1632 1707 1678 ipsi

85 1692 104 1708 „
117 1678 366 1712 regnaverunt,
395 1665 449 1701 sed
477 1678 546 1700 non
576 1678 613 1700 ex
638 1677 710 1702 me,
738 1667 910 1712 principes
935 1668 1120 1704 extiterunt
1145 1683 1176 1706 et
1202 1685 1273 1707 non
1299 1678 1449 1720 cognovi
1469 1690 1536 1713 eos.
1589 1679 1662 1727 Jam
1681 1679 1704 1716 {i

86 1729 262 1762 „regnare
286 1716 355 1750 sine
381 1718 455 1751 Deo
483 1715 594 1762 juvat,
623 1714 726 1749 habes
754 1715 917 1760 gloriam,
946 1715 1002 1750 sed
1030 1731 1098 1753 non
1125 1721 1217 1766 apud
1233 1725 1366 1764 Deum,
1393 1736 1424 1761 at
1443 1726 1703 1765 fiinterdi'stum

83 1777 286 1809 ‚‚tenemus,
301 1765 490 1805 ,audiamus
509 1762 676 1802 edietum,
705 1766 763 1809 qui
783 1765 895 1813 major
915 1765 960 1800 est
980 1765 1146 1809 vestrum,
1173 1771 1237 1811 ait,
1266 1769 1325 1807 fiat
1341 1772 1424 1809 ficut
1441 1775 1567 1815 minor,
1594 1791 1625 1814 et
1643 1782 1702 1825 qui

84 1814 307 1862 „praecess'or
329 1814 383 1853 est,
401 1814 482 1849 ficut
501 1813 559 1858 qui
579 1812 763 1850 ministrat.
817 1817 941 1850 Forma
966 1815 1148 1863 apostolica
1165 1816 1248 1855 haec
1266 1820 1329 1860 est,
1357 1823 1577 1861 interdicitur
1597 1828 1704 1864 domi-

82 1867 224 1905 ,‚natio‚
251 1865 420 1899 indicatur
445 1861 668 1901 ministratio,
697 1865 782 1907 quae
802 1865 1060 1901 commendatur
1081 1866 1186 1912 ipsius
1205 1871 1362 1916 exemplo
1382 1872 1604 1919 legislatoris,
1644 1881 1704 1923 qui

84 1913 274 1959 „sequutus
299 1914 473 1961 adjungit,
504 1925 567 1958 ego
591 1916 760 1958 autemin
784 1915 894 1949 medio
914 1913 1059 1951 vestrum
1083 1916 1177 1959 ficut,
1198 1921 1257 1964 qui
1275 1917 1460 1963 ministrat,
1490 1927 1567 1969 quis
1584 1926 1651 1973 jam
1670 1927 1702 1963 se

84 1964 218 2007 „titulo
246 1964 311 1998 hoc
338 1964 528 2010 inglorium
554 1973 670 2009 putat,
700 1975 768 2008 quo
792 1963 825 1998 se
848 1965 947 2010 prior
970 1965 1132 2002 dominus
1161 1967 1291 2013 gloriae
1311 1971 1538 2018 praesignivit,
1574 1977 1702 2013 merito

83 2039 105 2056 η
117 2012 240 2053 Pau-lus
258 2013 423 2059 gloriatur
441 2013 476 2047 in
498 2024 539 2046 eo
557 2012 689 2052 dicens,
716 2013 860 2049 ministri
879 2013 954 2049 sunt
972 2027 1003 2050 et
1019 2028 1102 2061 ego,
1132 2028 1162 2052 et
1177 2016 1289 2060 addit,
1318 2032 1356 2055 ut
1372 2023 1486 2058 minus
1504 2023 1633 2070 sapiens
1653 2026 1701 2062 di-

83 2074 172 2105 ‚‚eo,
198 2062 276 2109 plus
302 2075 368 2109 ego
388 2064 424 2097 in
449 2061 623 2098 laboribus
655 2061 832 2109 plurimis,
861 2064 895 2097 in
924 2065 1112 2100 carceribus
1136 2066 1378 2112 abundantius,
1407 2071 1441 2106 in
1467 2073 1579 2119 plagis
1598 2074 1700 2122 supra

85 2112 280 2154 ‚‚modum,
307 2113 341 2146 in
369 2111 536 2148 mortibus
570 2110 785 2158 frequenter,
814 2126 833 2148 o
863 2114 1072 2159 praeclarum
1101 2115 1347 2155 ministerium!
1411 2124 1506 2158 Huic
1534 2126 1700 2161 Bernardi

88 2162 268 2197 ratiocinio
286 2163 371 2197 nihil
389 2161 468 2197 addi
482 2160 612 2208 potest,
638 2174 675 2197 ut
692 2164 859 2208 probetur
875 2167 1067 2199 Romanum
1083 2165 1299 2211 pontificem,
1327 2182 1493 2214 quatenus
1511 2171 1555 2206 est
1571 2176 1696 2209 Roma-

86 2222 150 2246 nus
167 2210 345 2256 pontifex,
372 2211 505 2247 nullum
523 2211 645 2246 habere
665 2212 858 2248 dominium
875 2214 1078 2259 temporale,
1108 2214 1177 2251 dixi
1196 2228 1361 2262 quatenus
1380 2219 1425 2255 est
1441 2221 1605 2266 pontifex,
1627 2236 1698 2259 non

86 2261 177 2296 enim
194 2270 293 2307 negat
306 2261 520 2302 Rei-nardus,
547 2262 630 2306 quin
649 2260 749 2308 possit
766 2262 889 2298 habere
909 2263 1130 2310 temporalia,
1159 2264 1213 2301 sed
1232 2279 1268 2303 ea
1288 2281 1388 2315 negat
1406 2270 1446 2305 ad
1464 2270 1577 2317 ipsum
1594 2275 1696 2318 perti*

862 2314 891 2347 Y
909 2325 931 2360 y
961 2325 978 2346 2
1556 2333 1645 2357 nere,
