2022 2733
282 174 783 219 DISSERTATIONES
833 176 1182 215 HISTORICAE.
1231 177 1393 214 Drssen‘i‘.
1421 176 1468 212 11.
1574 187 1641 221 ³33

81 270 237 308 nondum
256 270 439 317 agebatur3
466 269 519 306 sed
534 271 627 306 circa
643 283 716 306 rem
735 269 837 314 longe
852 270 997 305 minoris
1016 269 1199 309 momenti,
1227 279 1350 314 nempe
1368 278 1406 303 ut
1424 267 1597 312 graviores
1617 262 1696 300 istae

80 333 133 356 xes
151 321 326 356 communi
344 322 486 354 orientis
506 332 536 354 et
556 320 733 355 occidentis
750 317 993 364 episcoporum
1016 319 1156 355 arbitrio
1176 330 1212 353 ae
1236 317 1365 364 judicio
1383 317 1585 351 limitentur.

68 369 72 373 '
179 371 352 412 Quoniam
373 381 484 404 autem
503 370 631 404 mentio
653 369 773 403 incidit
789 368 892 414 hujus
909 368 1031 415 synodi
1050 366 1461 413 Constantinopolitanae,
1487 366 1521 401 in
1541 377 1606 410 qua
1627 365 1695 410 Cy-

79 418 181 454 rillus
208 417 547 462 Hierosolymiranus
572 417 617 452 est
640 419 676 452 in
699 415 899 463 episcopatu
917 417 1156 458 confirmatus,
1186 415 1363 452 observare
1381 426 1519 462 oportet
1538 415 1635 449 illum
1654 413 1695 447 ab

76 468 200 503 Acacio
219 468 428 505 damnatum,
451 471 598 514 primum
619 469 773 504 omnium,
801 467 913 511 inquit
928 470 1093 507 Socrates,
1122 479 1191 501 non
1214 465 1254 499 ad
1273 468 1465 501 Romanurn
1482 462 1693 510 pontificem,

68 517 133 562 sed
150 517 196 552 ad
211 520 365 563 majorem
378 517 541 564 synodum
561 515 705 551 libellum
721 515 960 560 adpellationis
981 516 1115 562 dediffi’.
1169 516 1217 548 Ex
1234 526 1307 558 quo
1330 513 1457 549 constat
1474 515 1592 559 primo
1604 538 1613 550 ‚
1642 511 1694 546 su·-

60 578 215 613 .premae
243 567 310 601 huc
335 578 443 610 usque
466 566 655 600 autoritatis
673 564 801 598 habitas
816 562 918 598 fuiffe
933 563 1084 610 synodos
1100 564 1312 610 provinciae.
1365 564 1535 600 Secundo,
1562 572 1696 596 morem

76 627 145 649 non
163 614 262 650 fuisse
279 615 491 661 provocandi
510 614 551 649 ad
567 616 760 651 Romanum
780 611 997 658 episcopum,
1025 613 1179 658 alioquin
1195 611 1237 646 ad
1256 624 1332 646 eum
1358 613 1476 657 potius
1504 608 1697 658 adpellaffet

75 677 179 710 quam
197 665 239 700 ad
256 666 364 712 majus
381 664 580 706 concilium,
608 663 701 709 quod
719 674 788 698 non
807 673 876 698 erat
892 663 938 698 ita
954 661 1051 700 facile
1068 675 1142 700 tum
1161 662 1327 710 temporis
1344 673 1543 698 convocare,

713 785 771 823 De
797 785 898 836 causa
923 786 1058 836 Botzofi’,

117 886 235 924 llustre
258 887 380 923 veteris
407 886 602 934 disciplinae
626 900 889 924 monumentum
907 888 1070 925 habemus
1096 891 1130 924 in
1155 888 1247 925 causa
1266 887 1390 924 Bonofi
1409 885 1576 935 episcopi,
1607 884 1635 919 is
1653 884 1694 919 ad

143 937 355 984 Capuensem
377 936 545 985 synodum
566 938 704 975 delatus,
721 938 811 982 quasi
831 952 1013 985 perperam
1033 940 1072 974 de
1090 939 1284 985 virginitate
1300 941 1431 974 Manae
1450 936 1598 973 sentiret,
1617 946 1694 969 Cum

75 988 117 1025 ad
143 987 310 1033 Anyfium
337 984 670 1021 Thessalonicensem
698 988 1004 1033 metropolitanum
1032 998 1064 1022 et
1089 989 1219 1023 vicinos
1237 987 1415 1033 episcopos
1436 987 1504 1028 eius
1522 986 1690 1032 judicium

76 1035 154 1071 esset
179 1034 352 1070 remissum
377 1047 394 1068 a
417 1034 567 1081 synodo,
596 1036 620 1068 ii
648 1035 778 1069 causam
803 1037 996 1080 graviorem
1023 1035 1084 1069 effe
1117 1048 1289 1070 cernentes
1313 1029 1473 1070 Siriciurh
1497 1038 1691 1070 Romanum

72 1083 273 1131 episcopum
299 1095 361 1129 per
377 1082 502 1117 litteras
518 1083 736 1122 consuluere,
764 1096 1010 1129 rogatumque,
1022 1095 1068 1129 rut
1087 1083 1142 1118 ille
1163 1084 1203 1118 de
1221 1084 1357 1119 Bonoso
1375 1085 1512 1131 ejusque
1528 1081 1691 1117 sententia

74 1134 242 1182 judicium
261 1132 401 1177 aliquod
420 1130 534 1167 ferret.
587 1132 679 1174 Quid
694 1132 734 1166 ad
753 1132 833 1167 haec
848 1135 986 1168 Siricius
997 1132 1023 1166 'f
1041 1132 1237 1179 Respondet
1259 1133 1320 1168 fibi
1352 1132 1525 1179 judicandi
1541 1130 1692 1166 formam

75 1195 146 1218 non
169 1186 383 1226 competere3
410 1179 464 1214 sed
485 1181 627 1214 illorum
646 1180 706 1213 esse
724 1180 919 1215 sententiam
939 1179 1038 1220 ferre,
1057 1194 1118 1215 nec
1135 1182 1239 1215 ullam
1258 1180 1452 1226 refugiendi
1470 1193 1526 1215 aut
1541 1178 1694 1215 elabendi

73 1229 332 1269 accusatoribus,
348 1228 404 1262 vel
417 1227 566 1262 accusato
578 1228 713 1271 copiam
725 1226 798 1260 effe.
827 1230 962 1273 Accepi,
982 1230 1134 1271 inquam,
1155 1231 1287 1263 litteras
1299 1230 1424 1274 vestras
1434 1229 1474 1263 de
1484 1231 1610 1272 Bonoso
1622 1230 1694 1273 epi-

65 1282 175 1327 scopo,
199 1277 315 1327 quibus
334 1278 388 1311 vel
399 1288 464 1322 pro
480 1278 636 1312 veritate,
652 1277 705 1309 vel
721 1288 787 1322 pro
806 1275 961 1322 modestia
979 1277 1122 1322 nostram
1132 1278 1333 1321 sententiam
1346 1278 1517 1321 sciscitari
1531 1278 1695 1321 voluistis.

71 1329 140 1365 Sed
159 1340 228 1363 cum
244 1326 405 1374 ejusmodi
412 1327 535 1372 fuerit
547 1327 677 1360 concilii
688 1325 863 1372 Cupuertfis
872 1326 1056 1371 judicium,
1075 1336 1112 1361 ut
1123 1324 1270 1368 finitimi
1281 1327 1417 1370 Bonoso,
1435 1335 1534 1373 atque
1553 1328 1623 1371 ejus
1641 1336 1695 1358 ae-

73 1376 280 1422 cusatoribus
292 1376 426 1423 judices
446 1374 678 1410 tribuerentur
697 1382 730 1408 et
748 1377 932 1422 praecipue
941 1374 1155 1414 Macedones,
1168 1377 1310 1423 quicum
1326 1376 1458 1421 episopo
1482 1374 1694 1420 Thessaloni-

15 1463 23 1471 ..
77 1428 158 1464 cenli
175 1426 216 1461 de
238 1428 309 1470 ejus
326 1425 431 1471 fafr'is
449 1424 693 1472 cognoscerent,
721 1423 942 1465 advertimus,
970 1424 1057 1473 quod
1073 1424 1166 1460 nobis
1176 1424 1360 1472 judicandi
1369 1428 1487 1471 forma
1511 1432 1694 1470 competere

71 1489 138 1514 non
158 1475 279 1523 poffet:
308 1486 338 1509 et
365 1471 441 1520 post
467 1474 548 1512 alia,
578 1473 719 1517 vestrum
748 1472 789 1517 est
811 1475 933 1520 igitur,
953 1478 1012 1521 qni.
1029 1476 1085 1509 lzoc
1102 1474 1268 1521 accepistis
1281 1474 1467 1521 judicium,
1488 1475 1693 1519 sententiam

66 1529 170 1574 ferre
188 1525 229 1559 de
244 1522 418 1567 'omnibus3
447 1533 504 1557 nec
521 1519 723 1568 refugiendi
739 1522 795 1555 vel
812 1522 964 1569 elabendi
979 1524 1222 1571 accusatoribus
1241 1526 1295 1568 vel
1312 1525 1462 1568 accusato
1479 1525 1607 1569 copiam
1626 1521 1691 1556 da-

52 1588 132 1617 -r23
159 1585 189 1609 et
198 1572 306 1609 infra:
334 1572 477 1620 denique
494 1583 562 1605 cum
576 1570 717 1613 Bonosus
737 1573 902 1617 ἕρπ’-[ευριπ
916 1569 1162 1618 ροίίῂιάῖεἰιιηι
1179 1573 1320 1624 nostrum
1338 1570 1464 1620 missffit
1482 1569 1528 1606 ad
1539 1574 1693 1618 fratrem

74 1624 216 1670 nostrum
241 1620 459 1667 Ambrosium,
487 1621 546 1666 qui
569 1620 637 1664 ejus
663 1621 866 1662 sententiam
882 1623 1064 1664 consuleret
1082 1622 1298 1657 interdiHam
1306 1621 1374 1667 fibi
1390 1621 1548 1657 ecclesiam
1566 1623 1693 1654 irrum-

69 1681 154 1721 pere
178 1680 278 1719 atque
304 1669 461 1718 ingredi,
490 1669 676 1714 responsum
700 1667 744 1712 est
769 1669 809 1704 ei,
829 1669 917 1716 quod
930 1671 1018 1704 nihil
1036 1672 1264 1706 temerandum
1284 1675 1398 1717 foret,
1419 1671 1483 1716 sed
1501 1673 1608 1706 omnia
1626 1682 1691 1704 mo-

74 1721 177 1766 deste,
201 1722 377 1767 patienter
395 1727 429 1752 et
447 1718 564 1752 ordine
578 1716 751 1765 gerenda,
780 1729 882 1763 neque
900 1728 1014 1753 contra
1027 1721 1230 1762 sententiam
1250 1721 1391 1767 vestram
1410 1719 1608 1755 tentandum
1626 1720 1692 1753 ali-

70 1769 164 1820 quid.
219 1769 329 1817 Igitur
354 1779 393 1801 ex
421 1767 535 1801 Siricii
554 1770 592 1799 'et
619 1764 789 1800 Ambrosii
818 1766 977 1802 sententia
1002 1768 1157 1815 judicatis
1186 1768 1286 1803 semel
1314 1768 1483 1816 episcopis
1502 1770 1537 1803 in
1556 1767 1707 1816 synodo

70 1819 282 1867 provinciae,
309 1816 396 1851 nihil
415 1814 460 1850 est
476 1814 632 1850 adversus
650 1814 814 1861 judicium
833 1816 1040 1857 tentandum,
1066 1829 1123 1851 nec
1144 1817 1220 1852 licet
1237 1818 1298 1852 ulli
1317 1818 1454 1854 antistiti
1481 1831 1522 1852 ne
1547 1818 1687 1862 quidem

72 1872 231 1905 Romano
257 1866 389 1902 causam
415 1862 458 1900 ad
486 1863 520 1899 se
544 1877 699 1903 evocare,
728 1863 787 1900 seu
804 1877 841 1899 ut
858 1865 967 1901 verbis
985 1867 1097 1901 Siricii
1114 1878 1208 1908 utar,
1235 1867 1338 1902 nullis
1356 1867 1431 1903 aliis
1448 1880 1550 1912 quam
1568 1868 1689 1902 vicinis

74 1917 243 1965 episcopis
268 1913 381 1951 forma
404 1914 577 1961 'judicandi
597 1915 768 1960 competit.
824 1918 921 1950 Hanc
941 1914 1127 1960 epistolam,
1146 1929 1232 1960 quae
1255 1928 1324 1951 erat
1343 1918 1432 1953 inter
1451 1916 1690 1952 Ambrofianas

71 1979 134 2013 71,
160 1967 281 2002 siricio
299 1963 519 2000 restituerunt
538 1962 705 2010 justellus,
734 1963 933 2000 Holstenius
952 1977 983 1999 et
1004 1965 1061 1999 alii
1079 1977 1198 1999 omnes
1220 1966 1354 2003 eruditi.
1407 1970 1507 2002 Unus
1522 1960 1689 2002 Dzsv‘idius

72 2029 153 2053 cum
178 2016 257 2051 h-uic
285 2024 486 2060 argumento
510 2012 700 2048 satisfacere
727 2026 795 2048 non
825 2013 951 2060 poffet,
977 2014 1047 2048 earn
1072 2015 1106 2049 in
1135 2014 1277 2049 dubium
1297 2029 1458 2051 revocare
1475 2028 1616 2050 conatus
1633 2015 1687 2055 est,

21 2068 24 2071 ’
73 2065 130 2104 sed
149 2063 282 2100 infelici
297 2065 380 2099 adeo
402 2060 545 2098 successu
592 2074 629 2097 ut
646 2074 747 2097 nemo
767 2064 802 2097 in
821 2064 889 2111 ejus
912 2064 1103 2099 sententiam
1124 2063 1343 2101 descenderit.
1396 2069 1617 2111 Quapropter
1635 2063 1688 2098 su-

73 2114 244 2163 perfluum
267 2113 312 2149 est
336 2114 371 2148 in
396 2113 467 2160 ejus
492 2110 697 2159 conjeffiuris
719 2110 909 2148 refellendis
933 2115 1127 2153 immorari,
1156 2126 1237 2158 quas
1254 2114 1321 2160 jam
1339 2114 1415 2152 satis
1432 2115 1567 2152 abunde
1586 2125 1689 2150 autor

74 2165 192 2213 operis
211 2163 253 2212 de
267 2162 417 2211 antiquis
434 2173 465 2200 et
480 2161 670 2210 majoribus
689 2160 932 2210 episcoporum
949 2162 1051 2199 caufis
1071 2162 1265 2200 exsufflavit,

871 2290 904 2333 B.
927 2300 950 2337 Ξ,
1578 2292 1639 2331 ,De
