1940 2728
242 217 315 252 454
463 203 536 240 DE
569 196 845 245 ANTIQVA
878 197 1165 238 ECCLESIAE
1199 201 1526 241 DISCIPLINA

192 298 365 332 Romanos
385 289 564 339 pontifices
583 302 677 336 reges
693 290 822 337 Anglos
840 290 914 338 jure
929 302 965 325 nc
982 290 1106 325 merito
1125 288 1329 336 deposuisse,
1359 300 1428 326 non
1450 290 1661 328 tamenidem
1681 291 1722 328 de
1731 290 1807 328 eae:

193 346 273 383 teris
291 343 407 389 rgibus
426 340 531 387 posset
547 340 724 381 concludi,
752 342 823 375 imo
842 341 940 374 etiam
960 351 1140 386 perperam
1161 341 1305 374 omnino
1325 339 1528 378 inferretur,
1556 342 1640 376 hanc
1656 341 1811 387 potesta-⁴

194 402 262 430 tem
284 389 438 439 pontifici
457 400 652 436 competere
670 391 803 424 ratione
821 388 896 423 suae
913 389 1083 435 dignitatis
1102 387 1314 434 pontificiae,
1344 401 1420 424 curn
1439 402 1508 424 non
1526 389 1712 431 aliotitulo
1729 391 1809 437 pos·-

193 444 232 479 {it
251 455 321 476 eam
339 440 401 475 fibi
419 440 452 474 in
474 439 633 486 Angliam
653 439 843 479 vindicare,
871 450 971 483 quam
990 452 1028 473 ex
1048 450 1168 483 regum
1188 436 1405 476 concessione,
1447 441 1587 473 >Utrum
1605 451 1719 474 autem
1740 440 1808 474 hu-

193 491 341 541 jusmodi
367 487 529 525 concessio
553 489 707 535 legitime
732 485 821 523 fasta
846 485 951 523 fuerit
963 497 982 530 ‚¹¹
999 489 1139 532 vimque
1163 487 1289 523 habete
1311 488 1483 526 debuerit,
1510 500 1634 529 necne,
1663 487 1806 534 sequens

193 540 328 578 docebit
352 539 512 574 narratio.
964 576 967 580 ,

342 591 431 623 Cum
450 589 603 633 primum
620 589 678 622 Ina
698 599 729 622 et
747 585 826 622 offa
842 589 1014 622 Saxonum
1033 598 1128 633 reges
1145 587 1241 621 annis
1263 598 1345 630 740,
1365 597 1397 620 et
1414 597 1497 630 745.
1527 584 1632 621 fidem
1656 584 1808 621 christia-

195 652 272 675 nam
292 637 432 684 amplexi
451 637 531 676 sint,
559 634 703 671 statuisse
722 635 902 676 feruntur,
931 649 968 671 ut
977 649 1200 680 unaquaeque
1219 635 1350 671 familia
1360 646 1482 670 certam
1493 636 1694 681 pecuniam,
1723 631 1810 680 quae

195 702 278 725 tunc
297 688 453 722 denarius
472 685 659 726 dicebatur,
686 685 834 720 ecclesiae
850 684 966 720 census
985 686 1123 720 nomine
1141 697 1202 731 per
1219 684 1369 730 singulos
1401 697 1507 718 annos
1536 688 1693 719 Romano
1719 697 1807 730 pon·

195 738 275 775 tisici
296 736 457 773 solveret,
491 735 746 779 quemcensurn
763 734 807 767 ab«
823 733 1046 779 Aistholplm,
1097 745 1175 767 cum
1195 736 1228 767 in
1247 745 1316 768 tota
1333 732 1405 768 fere
1423 732 1530 768 insula
1551 734 1806 774 dominaretur,

194 785 438 823 confirmatum
455 783 592 818 tradunt
617 782 808 816 Nauclerus
836 792 868 816 et
899 782 1091 828 Polydorus
1113 782 1293 825 Virgilius.
1344 784 1414 815 Hic
1435 794 1546 816 autem
1571 781 1688 817 census
1719 783 1807 818 dice·

195 837 296 872 batur
308 835 466 869 denarius
486 835 522 866 B.
542 832 649 870 Petri,
681 842 712 864 et
731 843 748 864 a
771 827 953 864 collegiore
971 828 1142 875 pontificis
1160 831 1373 874 exigebatur,
1401 830 1614 873 quiquidem
1633 830 1740 874 usque
1764 831 1811 866 ad

194 897 353 930 tempora
373 881 519 917 Henrici
538 878 666 926 ofisavi,
694 880 752 927 qui
771 878 920 924 seipsum
941 879 981 913 ab
1002 878 1134 913 ecclesia
1153 881 1304 913 Romana
1322 877 1459 918 avulsit,
1512 876 1553 912 ab
1579 878 1702 924 Anglis
1723 878 1810 914 solvi.

194 935 424 971 consueverat.
477 931 608 965 Verum
628 929 707 963 inde
725 930 883 973 arguitur
901 928 1045 974 Angliae
1064 939 1158 973 reges
1177 928 1332 962 liberales
1355 925 1456 962 fuisse
1480 928 1516 962 in
1542 927 1740 973 pontifices:
1774 939 1810 964 at

194 982 271 1019 istos
289 983 363 1029 jure
381 977 560 1026 pontificio
579 976 788 1024 stipendium
798 977 838 1012 ab
859 977 978 1023 Anglis
993 976 1130 1023 'exigere
1148 975 1295 1023 potuisse
1314 977 1392 1011 inde
1413 989 1480 1011 non
1501 978 1680 1022 probatur.

340 1032 472 1064 Verum
489 1027 567 1074 post
591 1028 672 1062 haec
691 1029 833 1063 Henrici
853 1025 990 1062 secundi
1007 1027 1240 1073 temporibus,
1268 1026 1346 1072 plus
1365 1026 1576 1073 adhuejuris
1594 1028 1630 1061 in
1643 1025 1817 1072 Angliam-

192 1077 372 1128 pontifices
392 1078 452 1112 fibi
469 1088 690 1123 arrogantum,
742 1088 819 1111 cum
847 1076 891 1111 ob
917 1089 1032 1112 necem
1059 1076 1219 1111 Thomae
1243 1074 1490 1111 Cantuariensis
1506 1075 1754 1122 archiepiscopi
1770 1077 1818 1111 in>

193 1130 386 1166 Henricum
405 1127 495 1172 apud
513 1125 712 1173 pontificem
732 1126 959 1161 Alexandrum
978 1127 1117 1161 tertium
1135 1125 1324 1161 accusatum
1349 1139 1365 1160 a
1382 1124 1608 1160 cardinalibus
1620 1150 1629 1166 ,
1664 1126 1698 1159 in
1717 1130 1809 1171 Ang-

193 1180 272 1214 liam
297 1191 331 1212 ea
350 1177 392 1212 de
410 1175 503 1211 causa
522 1174 623 1211 missis
640 1188 729 1210 anno
753 1187 856 1220 1¹7²-
880 1174 1039 1211 sententia
1056 1176 1121 1210 lata
1139 1174 1204 1215 est,
1234 1187 1298 1219 qua
1315 1175 1503 1222 judicatum
1523 1174 1585 1212 est,
1620 1185 1659 1210 ut
1677 1186 1736 1209 rex
1753 1185 1810 1209 co·

194 1242 265 1264 ram
285 1228 401 1272 legatis
422 1223 619 1272 pontificiis.
629 1226 792 1271 regnique
817 1225 1032 1271 primoribus
1051 1224 1270 1271 jurejurando
1296 1224 1327 1259 se
1352 1222 1474 1258 delisto
1496 1235 1680 1270 purgaret,
1706 1233 1811 1268 atque

193 1278 237 1313 ob
257 1276 369 1311 ansam
388 1275 572 1321 suspicioni
590 1274 717 1315 datam,
747 1275 917 1319 verbaque
935 1287 1060 1309 temere
1073 1273 1202 1311 emissa,
1229 1286 1314 1319 quae
1328 1274 1363 1308 in
1383 1271 1478 1307 causa
1488 1271 1646 1314 fuerant,
1672 1283 1710 1307 ut
1720 1274 1811 1309 Can-

194 1324 365 1362 mariensis
387 1325 617 1362 occideretur,
645 1324 808 1357 ducentos
830 1325 958 1368 equites
977 1325 1010 1357 in
1032 1323 1158 1358 bellum
1180 1322 1554 1370 Hierosolymitanum,
1582 1323 1642 1366 qui
1670 1333 1732 1366 per
1747 1330 1808 1355 an·-

195 1388 277 1411 num
297 1373 345 1407 ibi
363 1372 663 1417 belligerat-entur,
692 1373 839 1405 mitteret
852 1396 859 1410 ,
887 1383 986 1414 atque
1006 1383 1041 1405 ut
1058 1371 1129 1416 ipse
1148 1384 1205 1404 rex
1218 1395 1227 1410 ‚
1264 1370 1321 1404 nisi
1346 1371 1443 1403 aliter
1461 1371 1631 1404 videretur
1651 1368 1807 1415 pontifici

194 1437 270 1461 curn
292 1423 433 1457 exercitu
451 1423 538 1454 intra
556 1420 744 1454 triennium
762 1418 1048 1465 proficisceretur,
1078 1419 1285 1464 corruptelas
1305 1418 1452 1458 tolleret,
1482 1430 1567 1462 quae
1584 1417 1732 1452 libertati
1753 1429 1806 1453 ec·

195 1471 388 1510 clesiasticae
406 1468 684 1508 adversabantur,
711 1462 854 1504 Rumam
876 1481 894 1501 a
920 1468 1090 1502 sententiis
1118 1470 1152 1500 in
1181 1468 1303 1510 Anglia
1330 1468 1402 1499 latis
1429 1466 1642 1511 provocandi
1665 1466 1810 1512 potesta·

196 1535 263 1558 tem
283 1522 389 1555 cuivis
408 1517 540 1554 faceret.
594 1517 699 1552 Addit
718 1517 869 1551 Blondus
889 1528 1004 1560 regem
1032 1514 1182 1561 adjecisse
1209 1515 1239 1548 se
1264 1527 1294 1549 et
1320 1513 1430 1548 filium
1451 1516 1485 1548 in
1512 1516 1637 1550 throno
1654 1515 1715 1550 esse
1731 1528 1808 1562 per-

196 1574 349 1608 mittente
367 1567 540 1614 pontifice,
571 1578 602 1601 et
628 1567 797 1600 neminem
817 1564 1039 1610 imposterum
1056 1564 1199 1609 Angliae
1217 1575 1331 1609 regem
1349 1562 1527 1606 futurum,
1556 1576 1656 1610 quem
1668 1576 1737 1600 non
1747 1577 1810 1612 pa-

196 1635 238 1668 pa
256 1616 478 1655 renuntiasset.

297 1672 341 1704 At
375 1666 565 1714 Polydorus
597 1664 768 1709 Virgilius
808 1673 907 1710 negat
941 1662 1045 1698 ullam
1083 1663 1183 1710 hujus
1215 1664 1274 1698 -rei
1317 1665 1526 1700 mentionem
1562 1664 1598 1698 in
1631 1663 1809 1699 annalibus

196 1719 390 1764 Anglicanis
431 1714 514 1756 fieri.
570 1713 824 1749 Nihilominus·
845 1712 913 1760 ipse
946 1711 1122 1748 Henricus
1156 1713 1197 1747 ab
1231 1713 1422 1750 Alexandro
1458 1715 1559 1748 tertio
1603 1725 1708 1759 opem
1742 1714 1812 1748 im·

196 1770 334 1816 plorans
364 1777 481 1801 contra
507 1763 615 1798 filium
642 1763 818 1803 rebellem,
845 1764 907 1799 ait,
934 1763 1062 1809 vestrae
1073 1762 1329 1808 jurisdiffimis
1354 1764 1395 1809 est
1421 1775 1565 1810 regnum
1580 1764 1746 1811 Angliae,
1773 1771 1810 1798 et

195 1827 354 1867 quantum
380 1815 424 1850 ad
442 1813 640 1861 feudatarii
663 1815 752 1857 juris
773 1812 1011 1860 obligationem
1040 1811 1131 1846 vobis
1150 1818 1325 1846 dumtaxat
1341 1812 1499 1846 obnoxius
1517 1812 1689 1858 astringor
1708 1821 1742 1846 et
1759 1819 1809 1846 te-

195 1880 296 1908 neor,
324 1867 521 1911 experiatur
537 1864 664 1910 Anglia
676 1888 683 1901 ,
712 1862 794 1908 quid
809 1862 899 1908 poffit
919 1862 1085 1895 Romanus
1100 1863 1275 1906 pontifex,
1301 1861 1335 1895 &t
1353 1864 1430 1909 quia
1454 1859 1686 1896 materialibus
1702 1863 1811 1895 armis·

196 1930 261 1954 non
277 1919 390 1951 utitur
403 1914 643 1959 patrimonium
658 1912 697 1946 B.
716 1913 827 1948 Petri,
847 1912 1029 1956 spirituali
1044 1910 1165 1956 gladio
1183 1918 1327 1944 tueatur.

296 1967 446 1998 Demum
469 1964 614 2009 Joannes
633 1973 691 1994 rex
711 1959 821 1993 dietus
839 1958 904 1994 fine
924 1970 1011 1992 terra
1025 1984 1032 1998 ,
1061 1957 1092 1992 se
1109 1970 1322 2002 regnumque
1342 1957 1439 1993 suum
1457 1958 1566 2003 magis
1589 1957 1701 1992 adhuc
1717 1968 1807 2004 pon·

198 2013 278 2051 tifici
291 2012 456 2051 devinxit,
486 2022 561 2044 nam
580 2022 657 2044 cum
677 2009 717 2043 de
735 2006 961 2045 cantuariensi
973 2006 1267 2052 archiepiscopatu
1277 2019 1351 2041 orta
1371 2006 1446 2042 esset
1464 2006 1628 2052 dissensio,
1651 2019 1691 2041 eo
1710 2006 1806 2052 quod

199 2062 357 2099 monachi
383 2060 578 2104 Anglieani‚
607 2070 666 2097 eo,
694 2071 792 2102 quem
823 2056 1007 2102 elegerant,
1031 2056 1218 2101 expoliato,
1247 2057 1350 2090 alium
1373 2056 1413 2090 ad
1432 2069 1552 2092 nutum
1571 2057 1661 2101 regis
1680 2056 1807 2090 archie-

198 2112 378 2160 pisvopum
406 2106 589 2153 elegissent,
628 2108 842 2140 Innocentius
871 2108 988 2140 tertius
1014 2104 1099 2151 jussit
1126 2106 1308 2139 monachos
1336 2105 1466 2150 Anglos
1491 2109 1617 2141 Romae
1631 2105 1806 2151 {degentes

198 2162 400 2198 cardinalem
419 2160 450 2192 S.
472 2155 677 2200 Chrisogoni
694 2154 968 2190 Cantuariensem
982 2153 1177 2200 episcopum
1199 2154 1376 2198 defignare.
1431 2156 1512 2198 Quo
1532 2153 1622 2189 ἕεξὶο
1640 2164 1695 2187 rex
1712 2165 1807 2189 com-

199 2223 312 2247 motus
339 2209 426 2243 bona
452 2205 698 2241 monachorum
728 2204 940 2251 proscripsit:
971 2216 1035 2248 qua
1056 2203 1096 2238 de
1121 2201 1214 2237 causa
1237 2199 1393 2249 pontifex
1423 2214 1535 2247 regem
1554 2203 1671 2248 primo
1689 2202 1805 2236 admo-

200 2262 290 2300 nuit,
319 2257 439 2294 deinde
457 2255 641 2297 interdixit,
661 2258 699 2291 'et
713 2261 792 2294 ‘cum
811 2253 901 2290 bona
913 2251 1062 2303 ecclefiae
1078 2247 1413 2294 invaderet‚'‘omnee
1431 2250 1581 2288 subditos
1599 2251 1669 2299 ejus
1687 2263 1706 2286 a
1727 2249 1805 2288 fidei

899 2324 902 2326 ’
969 2312 971 2315 ’
1008 2308 1017 2316 ⁴
1724 2309 1758 2336 Gt
