2022 2733
328 184 837 228 'DISSERTATIONES
865 183 1468 227 HISTORICAEDssst-nrvz
1598 198 1668 235 299

98 272 184 308 teris
205 271 299 307 haud
320 269 498 307 debeatur.
552 275 681 307 Verum
707 283 746 308 ut
769 271 992 319 probavimus
1019 285 1114 311 antea
1138 288 1176 310 ex
1201 275 1241 310 iis
1269 277 1515 323 quamplurimi
1532 277 1720 325 agnoscunt

103 334 216 357 errare
240 320 273 356 se
296 318 392 368 polse
418 333 449 357 et
475 321 604 368 decipi.
633 322 704 356 imo
731 333 764 357 et
782 325 818 357 in
836 322 995 359 haeresim
1013 323 1099 368 labi3
1127 338 1232 370 quare
1247 325 1374 362 etiamsi
1393 329 1552 363 nonnulli
1571 330 1636 364 hoe
1653 328 1715 364 fibi

97 371 324 417 privilegium
351 369 569 406 vindicassent
593 371 852 408 reclamantibus
879 374 956 408 aliis
977 386 1045 409 non
1063 373 1165 416 effent
1181 374 1352 410 audiendi.
1387 380 1433 412 At
1444 390 1625 424 praeterea*
1639 378 1715 413 nul-

95 421 166 456 lam
193 419 266 461 effe,
293 421 351 466 qui
369 419 428 455 libi
439 421 496 469 jus
513 418 742 457 infallibiliter
755 422 929 469 judicandi
946 423 1121 465 tribuerit,
1151 435 1188 460 ut
1206 437 1244 459 ex
1260 424 1344 461 locis
1362 426 1402 462 ab
1419 427 1619 463 adversariis
1637 427 1716 463 alla-

100 470 143 505 tis
172 469 348 505 constabit.
1087 497 1089 500 .
1468 504 1469 507 ,
1702 516 1705 517 ⁷

198 520 379 568 Objieiunt
403 521 521 566 primo
541 518 640 554 verba
657 517 827 564 epistolae,
848 530 934 563 quae
948 531 1073 554 nomen
1091 523 1185 556 Lucii
1205 525 1221 556 I
1249 520 1407 567 praefert,
1427 538 1510 570 quae
1529 526 1604 561 sunt
1622 525 1715 574 ejus-

93 569 205 606 modi.
228 582 234 591 ²
256 570 395 614 Ecclesia
421 571 567 604 Romana
585 568 759 613 apostolica
779 575 812 601 et
829 577 935 601 mater
951 569 1148 615 ecclesiarum
1168 575 1323 608 omnium,
1342 586 1426 620 quae
1443 587 1463 608 a
1481 578 1618 610 tramite
1641 588 1715 622 apo.

89 619 225 666 stolicae
249 619 447 654 traditionis
474 628 639 663 nunquam
659 617 787 663 erraffe
804 617 990 662 probatur,
1020 629 1078 652 nec
1095 619 1276 654 haereticis
1297 622 1507 658 novitatibus
1523 625 1714 671 depravata

85 667 264 713 succubuit
286 665 466 712 secundum
490 666 587 712 ipsius
605 665 734 699 dommi
746 667 1030 711 pollicitationem
1048 667 1208 703 dicentis:
1244 680 1305 717 ego
1325 675 1454 720 rogavi
1473 685 1536 720 pro
1554 682 1587 709 te
1605 675 1712 715 Petre,

91 725 157 758 etc.
211 715 340 750 Eadem
359 713 429 749 fere
449 713 616 750 habentur
635 716 669 748 in
690 714 781 760 epist,
799 715 917 750 Felicis
936 716 1055 760 primi.

193 763 392 811 Respondeo
413 761 604 798 testimonia
621 763 700 800 haec
720 764 849 798 nullius
868 762 928 799 elle
947 767 1124 806 momenti,
1151 777 1272 813 utpote
1292 767 1468 817 desumpta
1487 784 1524 805 ex
1546 769 1710 818 epistolis,

92 827 178 860 quas
199 813 395 849 subdititias
414 808 615 849 effe'constat
636 813 728 860 apud
744 826 883 856 omnes,
912 815 948 848 in
968 826 1110 864 utraque
1128 814 1187 851 ista
1205 814 1288 853 falsa
1304 818 1481 857 consulum
1498 834 1576 857 nota
1594 835 1711 858 earum

91 865 200 900 νοθείαν
216 863 391 910 speciatim
407 863 537 909 prodit.
1288 882 1292 886 -

135 914 139 919 ⁸
192 913 368 961 Objtciunt
397 913 545 948 stcundo
566 911 796 948 testimonium
814 915 1003 959 Agathonis
1022 928 1130 962 papae
1146 917 1180 952 in
1201 916 1338 963 epistola
1358 915 1442 965 ejus,
1462 930 1546 962 quae
1564 920 1648 957 [esta
1664 922 1710 958 est

92 972 127 998 et
142 963 284 1009 probata
302 965 336 997 in
355 962 486 1010 synodo
504 967 608 997 6.art.
621 963 708 1004 4.‚in
727 975 794 1006 qua
815 963 854 997 lic
872 963 1037 1008 loquitur.
1089 967 1183 1000 Haec
1199 968 1242 1012 est
1261 979 1341 1002 vera
1360 967 1446 1009 fidei
1461 972 1592 1018 regula,
1611 985 1709 1019 quam

92 1016 131 1047 in
149 1013 325 1059 prosperis
354 1020 387 1046 et
410 1014 448 1045 in
473 1011 619 1046 adveras
637 1014 806 1046 vivaciter
822 1016 935 1047 tenuit
953 1015 1127 1059 apostolica
1145 1016 1267 1061 Christi
1285 1015 1429 1061 ecclesia,
1457 1030 1540 1065 quae
1554 1032 1619 1065 per
1635 1022 1709 1056 Dei

91 1063 245 1110 gratiam
272 1073 292 1095 a
317 1063 458 1095 tramite
476 1059 671 1105 apostolicae
696 1061 898 1095 traditionis
917 1074 1082 1109 nunquam
1101 1065 1227 1110 erraffe
1242 1064 1430 1110 probatur,
1455 1076 1516 1102 aut
1532 1070 1708 1106 haereticis

91 1109 300 1145 novitatibus
323 1121 466 1157 unquam
489 1108 681 1155 depravata
705 1109 885 1152 succubuit.
942 1110 1034 1153 Quia
1055 1112 1181 1147 dibium
1208 1114 1251 1159 est
1269 1115 1386 1149 Petro:
1414 1115 1545 1158 Simon,
1573 1130 1640 1154 ecce
1655 1124 1708 1165 Ja-

91 1170 192 1196 tanas
221 1162 386 1205 expetiit.-
424 1170 484 1206 ego
509 1167 618 1192 autem
637 1161 760 1204 rogavi
771 1171 835 1204 pro
854 1168 888 1193 te
904 1160 1021 1197 Petre,
1048 1171 1107 1195 etc.
1159 1163 1230 1196 Hic
1247 1163 1397 1198 dominus
1407 1164 1509 1207 fidem
1528 1169 1621 1202 Petri
1639 1182 1708 1204 non

92 1207 302 1254 defeHuram
317 1208 487 1254 promifit‚
514 1215 547 1239 et
563 1205 760 1246 confirmare
778 1218 848 1240 eum
866 1211 997 1252 fratres
1009 1211 1087 1253 suos
1106 1210 1297 1252 admonuit,
1327 1225 1403 1259 quos
1420 1215 1602 1260 apostolicos
1617 1231 1706 1265 pon-

89 1257 194 1299 tifices
215 1267 302 1291 meae
319 1255 523 1302 exiguitatis
538 1252 800 1299 praedeceffiires
808 1256 928 1300 feciffe
945 1259 1071 1291 cunt‘iis
1089 1258 1131 1303 est
1148 1263 1313 1306 agnitum.

189 1303 392 1351 Respondeo
407 1303 524 1349 primo
544 1299 771 1339 adversarios,
798 1314 875 1337 cum
894 1302 934 1338 ab
952 1306 1144 1350 Agathonis
1161 1306 1354 1343 testimonio
1371 1310 1569 1352 ordiantur,
1596 1326 1703 1359 agno-

89 1354 180 1392 scere
204 1354 337 1390 nullum
356 1350 554 1400 pontificem
571 1363 635 1397 per
654 1350 806 1396 quinque
824 1363 857 1387 et
875 1352 1021 1399 amplius
1040 1354 1189 1391 ecclesiae
1205 1355 1333 1393 saecula
1347 1357 1407 1394 fibi
1424 1359 1703 1401 infallibilitatem

92 1404 270 1452 arrogasse.
468 1447 472 1450 .

187 1453 353 1494 Secundo,
375 1465 444 1488 non
460 1450 542 1485 dicit
551 1449 687 1495 Agatho
703 1452 895 1487 Romanum
912 1452 1113 1498 pontificem
1132 1455 1383 1495 infallibilitatis
1401 1461 1624 1508 privilegium
1643 1463 1702 1499 ha-

31 1520 35 1523 ·
89 1503 186 1546 bere,
214 1504 269 1540 sed
286 1514 417 1538 tantum
433 1504 620 1549 Romanam
639 1499 803 1535 ecclefiam
819 1513 837 1535 a
853 1504 988 1537 tramite
1004 1504 1206 1550 apostolicae
1226 1509 1418 1545 traditionis
1440 1524 1507 1546 non
1527 1512 1702 1552 aberrasse.

89 1566 176 1599 quae
204 1553 338 1588 affertio
357 1549 403 1585 est
427 1547 527 1588 fasti,
558 1560 628 1582 non
646 1548 750 1595 juris,
778 1561 855 1584 nam
878 1562 916 1584 ex
933 1564 983 1589 eo,
1007 1555 1100 1597 quod
1120 1555 1248 1601 aliquis
1265 1571 1335 1593 non
1354 1562 1535 1599 erraverit,
1563 1575 1631 1598 non
1651 1563 1701 1598 se.

88 1604 207 1648 quitur
226 1615 302 1637 eum
326 1612 437 1636 errare
454 1610 523 1633 non
540 1593 645 1644 posse.
991 1622 997 1624 >

189 1653 344 1696 Denique
359 1649 394 1684 id
411 1661 483 1684 non
505 1647 586 1682 dicit
605 1646 743 1691 Agatho
762 1646 802 1681 de
817 1649 972 1683 Romano
989 1651 1152 1695 pontifice
1169 1653 1240 1690 solo
1253 1681 1261 1697 ,
1291 1657 1356 1693 hoc
1373 1659 1464 1694 enim
1479 1657 1601 1695 falsum
1617 1659 1701 1696 fuis.

89 1701 160 1742 set,
186 1714 265 1736 nam
291 1699 468 1735 Liberium
487 1709 518 1732 et
537 1697 736 1731 Honorium
754 1709 771 1730 a
791 1697 982 1732 traditionis
1000 1699 1204 1744 apostolicae
1223 1706 1357 1741 tramite
1375 1707 1517 1744 deviafle
1538 1711 1699 1755 ignorare

89 1763 158 1786 uon
175 1760 319 1796 poterat,
347 1747 403 1783 sed
430 1748 471 1781 de
497 1749 648 1782 Romana
670 1745 811 1784 ecclesia,
834 1759 917 1791 quae
935 1746 1166 1789 deficientibus
1184 1765 1202 1787 a
1224 1753 1291 1789 fide
1307 1755 1474 1803 episcopis
1496 1757 1584 1800 suis,
1612 1772 1697 1795 nun·

87 1813 189 1848 quam
212 1810 326 1834 tamen
345 1810 362 1831 a
380 1796 446 1831 fide
463 1795 639 1831 defecerat.

186 1847 263 1885 Post
288 1846 501 1894 Agathonem
526 1845 663 1880 laudant
689 1843 864 1891 epistolam
890 1852 919 1885 8.
948 1846 1087 1883 Nicolai
1107 1852 1214 1896 primi
1231 1852 1271 1887 ad
1287 1854 1491 1890 Michaelem
1511 1856 1698 1903 imperato.

86 1913 179 1938 rem,
205 1898 265 1936 ubi
293 1898 336 1932 de
358 1896 415 1931 sua
442 1894 517 1930 sede
542 1894 584 1930 fic
605 1895 770 1946 loqu-itur.
825 1896 1014 1941 Privilegia
1040 1899 1132 1944 istius
1143 1901 1236 1946 sedis
1251 1913 1417 1949 perpetua
1428 1907 1511 1949 sunt
1526 1906 1696 1944 divinitus

85 1950 242 1988 radicata
267 1957 366 1994 atque
389 1946 563 1991 plantata,
591 1947 741 1993 impingi
755 1945 904 1991 poffimt,
931 1950 1122 1992 transferri
1137 1963 1205 1985 non
1218 1950 1374 1998 possunt,
1401 1967 1483 2001 quae
1501 1965 1579 1991 ante
1595 1961 1695 2005 impe-

86 2002 174 2040 rium
190 1997 332 2044 vestrum
344 1998 504 2041 fuerunt,
522 2001 730 2040 permanent,
757 1995 825 2029 Deo
841 1999 989 2042 gratias,
1016 1997 1169 2034 liaHemis
1186 2000 1340 2042 illibata,
1368 2003 1610 2053 manebuntque
1623 2007 1694 2054 post

85 2060 160 2090 vos,
180 2057 351 2095 ,quousque
374 2044 588 2089 christianum
606 2055 719 2078 nomen
734 2045 971 2089 praedicatum
983 2048 1123 2097 fuerit,
1159 2050 1397 2097 illasubsistere
1417 2065 1483 2088 non
1501 2055 1666 2100 ceffabunt
1684 2070 1691 2090 ;

64 2119 66 2123 -
87 2109 118 2134 et
142 2109 222 2133 mox
249 2093 438 2133 ostendens,
464 2092 553 2127 unde
573 2092 629 2126 illa
647 2092 828 2138 privilegia
847 2104 914 2126 tam
931 2092 1036 2129 libere
1047 2098 1278 2141 praedicaret,
1307 2100 1385 2136 haec
1401 2103 1465 2142 ait,
1495 2115 1570 2138 nam
1591 2118 1621 2138 et
1638 2107 1691 2139 in..

88 2157 139 2182 ter
162 2157 298 2191 caetera,
321 2146 349 2178 is
371 2154 436 2190 per
452 2154 545 2189 quem
570 2141 662 2176 nobis
686 2145 865 2188 praecipue
882 2142 941 2188 ista
954 2144 1036 2187 sunt
1049 2150 1239 2197 privilegia
1256 2151 1393 2192 collata,
1421 2153 1602 2200 aliquando
1619 2167 1692 2194 con<

87 2197 202 2241 versus
220 2194 356 2231 audivit
374 2206 394 2228 a
412 2191 557 2233 domino,
587 2190 741 2234 confirma
762 2194 902 2239 fratres
918 2201 1001 2227 tuos.

859 2295 975 2343 ΡΡΞ,
1545 2302 1642 2342 ‘Re-
