1961 2718
277 197 346 232 340
472 181 544 219 DE
594 180 871 226 ANTIQUA
917 173 1203 216 ECCLESIAE
1247 178 1583 217 DISCIPLINA

223 285 257 310 ce
275 284 351 308 oves
366 282 470 312 meas,
495 272 592 318 pasce
602 282 704 318 agnos
720 281 822 312 meos,
849 267 982 305 nonnisi
998 267 1180 315 sophistice
1196 267 1276 303 inde
1293 266 1415 303 inferri
1431 268 1548 315 potest,
1568 280 1637 304 non
1648 265 1740 315 poss'e
1752 278 1833 305 eum

223 322 264 359 ab
284 320 416 356 ecclefia
434 320 595 367 ⁴judicari3
623 322 675 354 his
693 321 784 355 enim
812 319 924 355 vei-bis
953 319 1039 354 nihil
1068 318 1160 354 aliud
1185 315 1340 353 Christus
1365 317 1554 364 significare
1584 318 1674 358 vult,
1725 329 1834 363 quam

222 371 350 420 pabulo
371 371 464 405 verbi
484 383 564 405 oves
583 369 674 410 suaS,
701 382 810 416 agnos
831 370 940 410 suos,'
978 369 1044 404 hoc
1063 368 1106 403 est
1125 365 1242 402 fideles
1260 380 1276 401 a
1298 370 1397 402 Petro
1415 367 1619 403 nutriendos
1638 366 1708 403 esse.
1763 366 1835 412 Qui

224 434 335 457 amem
355 421 432 455 inde
454 418 582 454 inferre
601 420 674 454 vult
695 423 829 454 Petrum
848 433 882 454 m
900 419 1062 453 omnibus
1082 417 1275 464 pastoribus
1295 415 1355 451 else
1382 417 1481 463 plane
1506 415 1667 458 similem,
1702 426 1733 452 et
1754 429 1834 453 oves

225 470 351 508 Christi
372 470 457 504 nihil
476 472 552 516 plus
568 469 692 504 habere
708 470 811 516 jum,
841 482 941 514 quam
959 481 1037 503 oves
1056 467 1211 512 vulgares
1224 492 1233 504 ‚
1260 468 1288 501 is
1309 468 1384 501 lane
1403 465 1535 512 defipit.

374 521 482 555 Mitto
500 519 562 554 alia
582 519 651 554 duo
669 519 857 554 testimonia
877 532 915 553 ex
935 517 1030 565 epist.
1049 518 1090 552 ad
1107 516 1268 563 Ephelios
1296 531 1314 551 a
1333 515 1538 551 Bellarrnino
1566 513 1696 560 prolata
1709 539 1719 553 ,
1756 515 1839 560 quia

226 570 266 606 ad
283 569 502 616 propositum
514 569 616 614 plane
628 581 694 603 non
713 571 905 614 pertinent,
934 579 1098 614 pigetque
1118 569 1150 601 in
1170 567 1237 601 istis
1255 567 1442 601 immorari.
1498 567 1579 600 Hoc
1598 576 1706 600 unum
1723 563 1836 600 obier-

223 633 268 656 νο
284 630 452 665 perpetua
470 619 714 653 Bellarminum
736 620 770 651 in
789 618 857 652 istis
874 617 1025 651 laborare
1044 615 1189 656 fallacia,
1217 628 1294 650 cum
1314 615 1478 661 supponit
1503 615 1644 648 nomina
1669 612 1838 658 dispensa·

224 671 331 706 toris,
358 666 503 715 pastoris
523 678 554 702 et
572 669 689 714 capitis
705 667 823 701 eodem
843 667 949 701 modo
970 667 1151 701 convenire
1169 668 1265 700 Petro
1283 677 1320 699 ac
1337 663 1491 699 Christo:
1521 663 1584 697 hoc
1602 664 1693 698 enim
1710 662 1849 699 falsum·

224 717 288 755 effe
307 719 418 763 quivis
441 717 550 752 statim
571 717 810 763 deprehendit.
865 719 905 750 Et
925 716 1063 760 quidem
1081 728 1205 749 nomen
1217 715 1336 760 capitis
1354 712 1502 748 ecclefiae
1521 710 1656 747 Christo
1675 713 1836 748 convenit

223 767 408 804 secundum
426 778 563 801 omnem
582 765 679 800 suum
698 763 906 799 intellefihim
919 789 928 801 ‚
979 767 1132 799 Romano
1156 775 1264 797 autem
1282 761 1436 808 pontifici
1449 761 1625 806 quomodo
1646 763 1836 803 conveniat,

226 818 346 855 docent
364 815 537 861 sequentia
554 817 787 848 Romanorum
806 811 1011 858 pontificum
1030 810 1232 846 testimonia.
1285 812 1452 855 Gregorii
1469 814 1493 844 l.
1514 809 1609 854 epist.
1631 817 1686 853 38.
1715 811 1756 845 ad
1773 814 1836 858 Jo-

226 880 347 902 annem
367 875 473 905 certe,
500 865 631 907 inquit,
660 864 782 897 Petrus
803 862 963 909 apostolus
981 863 1128 908 primum
1146 859 1323 895 membrum
1349 859 1391 905 eli
1411 860 1550 904 sanfiae
1573 867 1607 893 et
1632 861 1838 904 universalis

222 916 386 962 maestae,
413 914 555 952 Paulus,
581 911 755 949 Andreas,
784 912 934 952 Joamzes
949 910 1143 959 quidaliud‚
1159 921 1254 957 quam
1267 907 1551 956 singularumfint
1573 907 1720 954 plebium
1747 911 1839 955 capi.

226 976 263 1002 ta
282 975 314 999 et
335 959 516 1007 ταωνι-[αὗ
531 974 596 996 uno
614 963 723 1007 capite
746 961 908 1008 (Christo)
927 971 1032 995 omnes
1051 958 1192 994 membra
1201 959 1283 1004 sicut
1299 958 1450 1005 ecclcfiae.
1503 957 1613 992 Sixtus
1632 959 1694 992 III.
1716 958 1750 991 in
1770 958 1840 1003 epi-

227 1013 308 1049 stola
323 1012 365 1047 ad
385 1010 564 1058 episcopos
581 1010 728 1058 lllyrici,
754 1020 792 1045 ut
809 1022 900 1045 omne
919 1022 1034 1057 corpus
1054 1011 1160 1055 capite
1179 1011 1335 1055 regitur,
1372 1010 1422 1042 ita
1449 1009 1557 1053 ipsum
1577 1015 1677 1053 caput
1702 1007 1762 1046 nili
1777 1009 1840 1052 suo

225 1075 358 1109 corpere
367 1061 592 1108 sustentetur.
613 1059 814 1102 firmitatem
834 1068 867 1094 et
884 1060 1033 1108 vigorem
1042 1060 1138 1104 suum
1153 1057 1290 1104 perdit,
1316 1065 1349 1092 et
1364 1069 1428 1092 non
1443 1065 1545 1097 tener,
1568 1068 1663 1103 quam
1673 1055 1841 1092 habuerat
1865 1096 1870 1098 μ

227 1113 445 1161 dignitatem.
497 1112 646 1158 Joannes
663 1112 762 1146 vlu.
781 1108 876 1155 epist.
898 1121 977 1153 199·
998 1108 1040 1143 ad
1058 1106 1235 1142 Balilium:
1293 1105 1430 1146 Totius,
1457 1105 1586 1150 inquit,
1608 1105 1839 1151 familiaedo-
1875 1101 1887 1108 Χ

227 1165 311 1197 mini
321 1162 431 1208 status
449 1168 482 1195 et
502 1159 584 1194 ordo
602 1158 763 1199 mutabit,
784 1159 812 1205 st
828 1158 915 1207 quod
929 1160 1124 1206 requiritur
1142 1159 1178 1192 in
1195 1167 1329 1203 corpore
1347 1154 1466 1202 nonsit
1485 1158 1521 1189 in
1538 1157 1667 1202 capite,
1705 1163 1738 1190 et
1757 1154 1839 1191 inde

200 1213 201 1216 ’
221 1210 298 1255 fiet,
315 1220 352 1246 ut
362 1212 461 1245 omnis
480 1209 681 1256 ecclesiastica
701 1208 884 1254 disciplina
899 1209 1111 1252 resolvatur,
1139 1208 1239 1241 omnis
1264 1205 1344 1241 ordo
1368 1204 1541 1239 tur-betur.
1709 1215 1711 1218 ⁴

379 1259 472 1305 Hine
490 1257 603 1292 videre
618 1256 673 1294 est,
698 1257 876 1301 quomodo
895 1269 1019 1290 nomen
1037 1257 1155 1300 capitis
1177 1255 1355 1290 conveniat
1379 1256 1534 1288 Romano
1553 1251 1722 1299 pontifici.
1776 1254 1841 1288 Ca-

228 1317 294 1355 put
312 1305 355 1340 est
376 1305 546 1345 ecclesiae,
576 1306 639 1339 hoc
656 1305 700 1338 est
717 1306 869 1349 primum
889 1304 958 1348 ejus
977 1304 1171 1337 membrum
1184 1328 1196 1340 ,
1224 1303 1317 1346 quod
1337 1314 1447 1336 tamen
1466 1303 1598 1346 indiget
1623 1301 1663 1335 ab
1681 1300 1841 1337 universo

229 1367 375 1403 corpore
393 1353 584 1392 sustentari,
618 1365 661 1387 ne
686 1351 880 1387 firmitatem
900 1351 990 1387 suam
1011 1352 1152 1386 amittat.
1207 1353 1248 1389 Et
1272 1350 1295 1384 fi
1322 1351 1497 1395 contingat
1523 1349 1706 1393 aliquando
1733 1361 1838 1395 caput

231 1404 432 1441 morbidum
453 1402 546 1442 fieri,
573 1404 688 1438 melius
707 1402 766 1449 est,
794 1402 906 1445 inquit
924 1400 1133 1436 Turonense
1155 1399 1339 1434 concilium
1359 1411 1485 1433 canone
1501 1412 1511 1432 i
1525 1411 1564 1443 3.‚
1593 1408 1631 1434 ut
1658 1408 1758 1446 caput
1784 1401 1843 1440 ltuf

222 1453 385 1503 jusmodi,
405 1454 433 1499 fi
450 1455 567 1488 curari
582 1465 645 1487 non
661 1452 784 1498 potest,
810 1459 1022 1496 amputetur,
1051 1462 1146 1496 quam
1161 1460 1321 1496 grexper
1340 1448 1484 1482 eumdem
1503 1448 1689 1490 inficiatur.

268 1545 270 1547 v
379 1502 555 1550 Objiciunt
572 1501 670 1536 tertio
691 1502 725 1534 in
742 1499 887 1536 concilio
906 1497 1166 1543 Chalcedonenfi
1183 1495 1378 1543 pontificem
1397 1495 1528 1542 semper
1552 1508 1629 1532 ante
1655 1498 1841 1535 concilium

229 1554 411 1589 nominari.

269 1636 271 1639 ,
379 1598 595 1646 Respondeo,
616 1597 696 1632 inde
713 1597 857 1631 minime
869 1595 1012 1642 probari
1030 1594 1215 1630 concilium
1234 1593 1432 1630 universum
1450 1592 1511 1628 esse
1535 1593 1680 1629 inferius
1703 1594 1844 1641 pontifi.

230 1664 284 1689 ce,
312 1650 365 1686 sed
383 1661 513 1686 tantum
533 1649 686 1694 primum
706 1646 841 1681 contilii
863 1645 1057 1680 membrum
1081 1643 1178 1679 fuiffe
1194 1648 1388 1680 Romanum
1405 1642 1621 1690 pontificem3
1657 1645 1736 1689 quia
1762 1658 1844 1681 con-

232 1701 373 1737 suetudo
389 1698 443 1737 est,
463 1710 501 1733 ut
518 1711 594 1733 cum
613 1698 749 1732 societas
769 1696 882 1740 aliqua
902 1694 1015 1730 scribit
1031 1695 1173 1733 litteras,
1203 1694 1243 1728 iis
1262 1695 1416 1739 primum
1435 1693 1601 1728 societatis
1627 1694 1840 1737 membrum,

231 1751 326 1796 quod
342 1751 413 1796 ejus
433 1760 535 1794 caput
555 1747 598 1782 est
613 1773 620 1787 ,
649 1759 774 1781 nomen
797 1746 892 1780 suum
914 1742 1193 1791 praemittat„fic
1211 1742 1354 1777 restoris
1370 1755 1493 1778 nomen
1515 1745 1748 1788 praeponitur
1766 1745 1840 1779 uni-

233 1800 381 1835 verfitati
399 1810 431 1834 et
451 1799 564 1833 decani
584 1809 707 1831 nomen
730 1795 875 1830 facultati
896 1808 951 1829 aut
970 1793 1130 1840 capitulo.
1164 1795 1280 1828 Nemo
1297 1805 1408 1828 tamen
1433 1791 1514 1827 inde
1532 1790 1656 1828 inferat
1673 1790 1843 1830 restorem

234 1849 446 1886 universitate
465 1849 654 1894 integra,ut
671 1846 833 1880 decanum
856 1845 1010 1879 facultate
1030 1855 1061 1879 et
1077 1841 1227 1889 capitulo
1242 1840 1453 1888 superiorem
1473 1840 1544 1878 effe.

275 1900 278 1903 ⁴
382 1898 559 1944 Objiciuut
578 1909 698 1942 quarto
713 1922 722 1936 ‚
773 1896 814 1929 ad
831 1893 982 1930 summos
999 1892 1177 1940 pontifices
1194 1904 1212 1926 a
1226 1891 1363 1938 judiciis
1385 1890 1626 1939 episcoporum
1643 1903 1674 1927 et
1691 1890 1841 1941 synodo..

234 1961 311 1984 rum
332 1947 463 1994 semper
489 1946 557 1982 fuit
581 1957 817 1993 provocatum.
894 1986 896 1988 ‚
1236 1984 1250 1988 „

382 1996 596 2043 Respondeo7
617 2009 654 2030 ex
673 1991 1051 2029 dissertationesecunda
1068 1990 1200 2027 abunde
1215 1990 1365 2035 liquere,
1403 1991 1521 2036 primo
1546 1989 1598 2037 jus
1623 1991 1844 2036 provocatio-

236 2048 289 2083 nis
304 2046 462 2083 Romano
480 2044 637 2092 pontifici
656 2045 729 2090 jure
748 2045 866 2078 divino
888 2057 956 2078 non
977 2054 1184 2088 competere,
1213 2039 1376 2080 secundo,
1405 2052 1462 2075 nec
1482 2039 1564 2075 olim
1581 2040 1664 2074 illud
1685 2038 1781 2074 fuisse
1798 2038 1841 2075 ab

236 2097 397 2133 omnibus
418 2094 616 2135 admistum,
645 2096 717 2128 imo
737 2095 879 2128 vetitum
902 2092 1001 2128 fuisse
1019 2092 1133 2127 multis
1153 2093 1184 2123 in
1205 2090 1306 2129 lociS,
1344 2102 1384 2124 ne
1402 2090 1603 2136 provocatio
1619 2089 1661 2123 ad
1681 2100 1758 2124 eum
1786 2087 1843 2123 fie-

236 2160 306 2189 ret,
333 2147 452 2187 tertio,
480 2157 656 2190 nunquam
673 2143 712 2178 ad
733 2157 809 2178 eum
829 2154 1052 2190 provocatum
1072 2139 1283 2188 post‘synodi
1311 2138 1475 2184 generalis
1501 2138 1683 2185 judicium,
1719 2151 1795 2173 cum
1823 2151 1843 2174 e

235 2209 352 2232 contra
376 2197 452 2244 post
480 2195 644 2243 judicium
675 2193 796 2228 sumini
823 2193 994 2240 pontilicis
1020 2191 1059 2227 ad
1087 2190 1255 2239 synodum
1284 2188 1474 2233 generalem
1502 2187 1596 2233 saepe
1617 2200 1844 2233 provocatum

233 2247 350 2284 fuerit.
405 2249 500 2290 Quae
519 2246 632 2282 omnia
649 2256 726 2280 cum
744 2244 881 2280 abunde
895 2243 960 2281 finr
971 2242 1123 2291 probata,
1142 2240 1290 2287 petitum
1300 2238 1341 2274 ab
1358 2237 1642 2285 adpellatiouibus
1662 2247 1844 2282 argument
1874 2277 1883 2280 -

1716 2297 1790 2321 tum
