2022 2733
266 231 270 238 .
312 198 830 238 DISSERTATIONES
856 201 1199 244 HISTORICAE.
1225 203 1386 238 Busta-r.
1411 201 1456 238 11.
1586 208 1654 247 183

76 288 309 335 sanflis‘tuae
330 291 563 340 :eligiofitatis
577 292 811 337 provolvimur
822 291 982 339 pedibus,
1008 301 1048 327 ut
1065 304 1196 328 manum
1219 295 1383 343 porrigas
1393 294 1578 338 salutarem
1597 300 1629 327 et
1647 303 1705 325 au·

73 341 175 385 feras
193 339 312 375 mundi
330 344 558 390 naufragium
570 366 578 380 ‚
607 344 810 390 omniumque
826 343 940 377 horum
958 341 1202 389 inquisitionem
1214 343 1333 388 jubeas
1347 343 1430 386 fieri
1449 342 1549 377 ethis
1568 343 1701 376 illicitis

74 388 238 434 eoelestem
263 390 453 438 ficperduci
480 390 729 425 correfiionem.‘
774 393 898 426 Petunt
921 403 1004 436 ergo
1028 402 1160 427 tantum
1186 392 1352 429 auxilium
1380 404 1413 428 et
1432 403 1536 438 opem
1553 390 1702 426 Romani

76 436 256 484 pontificis
268 464 276 480 ,
304 447 373 475 non
391 451 506 475 autem
525 438 596 487 ejus
617 438 657 472 de
675 438 731 473 sua
749 440 844 475 causa
861 440 1045 486 judicium.
1196 461 1198 464 -

169 488 332 524 'Alterum
360 500 626 524 monumentum
653 487 780 522 ibidem
802 501 820 522 a
837 492 941 533 Lupo
958 488 1132 532 prolatum
1152 489 1197 523 est
1214 489 1354 534 epistola
1372 489 1536 537 Eutychis
1555 488 1596 524 ad
1615 491 1703 524 Leo-

73 547 152 571 nem
176 537 317 584 scripta‚
343 538 524 585 postquam
564 537 741 571 damnatus
762 535 823 577 est,
851 549 935 581 quae
960 535 1098 580 quidem
1119 540 1221 582 Lupo
1240 551 1309 572 non
1328 551 1450 584 parum
1468 537 1575 578 obest,
1604 550 1634 573 et
1654 549 1701 575 ea.

75 597 162 631 quae
180 587 222 621 de
240 589 407 636 Eutychis*
426 588 566 633 negotio
585 600 602 620 a
621 585 721 620 nobis
737 583 839 631 supra
855 585 944 621 dista
963 585 1050 627 sunt,
1072 587 1198 621 mirum
1223 588 1257 621 in
1274 588 1417 622 modum
1437 587 1626 622 confirmat.

176 638 226 671 Ex
244 649 280 672 ea
300 639 391 672 enim
411 637 588 682 colligitur
606 634 799 682 Eutychem
818 636 859 670 ad
878 639 1029 670 Leonem
1047 634 1256 682 confugisse,
1286 649 1356 671 non
1376 636 1516 681 quidem
1535 635 1625 681 quasi
1645 648 1703 681 ap-

74 684 257 732 pellantem
275 686 316 720 ad
335 685 512 733 judicium,
536 698 573 720 ur
589 684 924 726 restitueretur,r=sed
943 697 1072 720 tantum
1092 685 1330 731 postulantem,
1348 699 1390 720 ne
1407 696 1555 732 propter
1575 684 1706 720 senten-

74 736 156 770 tiam
175 736 210 769 in
228 734 258 770 se
272 735 374 770 latam
389 748 408 770 a
425 736 671 770 communione
690 734 844 781 episcopi
864 738 1009 770 Romani
1030 747 1274 772 removeretur.
1328 735 1476 781 Obsecro,
1501 736 1611 780 inquit
1628 733 1706 781 post

76 783 262 830 expolitam
281 783 385 820 fidem
401 783 506 825 suam,
534 785 623 820 nullo
641 786 724 819 mihi
739 785 866 825 iudicio
879 785 978 832 fufio
989 798 1030 820 ex
1045 787 1100 826 iis,
1118 798 1203 833 quae
1215 798 1278 832 per
1295 785 1430 831 infidias
1449 794 1563 820 contra
1580 797 1630 820 me
1642 797 1705 833 ge-

70 834 125 882 sta
133 835 226 879 sunt,
244 846 326 882 quae
335 836 409 879 visa
426 834 521 869 vobis
531 837 760 880 faeritsuper
772 833 876 876 fidem
887 837 1049 881 proferre
1053 836 1260 879 sententiam
1277 846 1309 870 et
1319 837 1445 870 nnllam
1462 835 1618 882 deinceps
1625 847 1706 881 per-

72 886 211 919 mittere
229 897 249 918 a
263 883 412 930 fafh'ofis
427 893 540 919 contra
561 895 609 917 me
621 885 829 927 sententiam
848 883 1042 930 procedere,
1062 894 1096 920 et
1117 897 1184 920 non
1201 888 1314 920 excuti
1334 895 1367 919 et
1390 887 1494 920 eximi
1511 884 1552 918 de
1569 898 1702 920 numero

48 960 50 962 v
73 933 338 968 orthodoxorum
364 945 447 970 eum,
472 936 533 980 qui
549 936 585 967 in
604 936 816 968 continentia
835 942 868 968 et
886 935 1053 968 charitate
1070 936 1292 982 septuaginta
1308 947 1407 969 annos
1426 938 1531 968 vitam
1549 938 1705 982 peregit,

65 984 131 1016 Vita
151 991 189 1016 ut
207 985 244 1017 in
266 983 339 1027 ipso
366 985 461 1017 exitu
486 985 580 1017 vitae
592 985 817 1030 naufragium
832 985 1005 1028 patiatur.
1059 987 1172 1028 Rogat
1194 996 1276 1028 ergo
1294 987 1444 1018 Leonem
1467 985 1646 1030 Eutyches,
1665 995 1704 1018 ut

77 1027 114 1064 se
133 1042 202 1075 pro
218 1030 416 1065 orthodoxo
433 1030 569 1064 habeat:
598 1042 657 1064 nec
677 1029 720 1064 ob
737 1031 905 1076 judicium
923 1030 1073 1065 Flaviani
1092 1044 1110 1065 a
1131 1035 1373 1067 communione
1394 1031 1451 1066 sua
1469 1044 1699 1067 removeatur.

75 1082 124 1124 At
149 1091 190 1112 ne
217 1078 325 1114 verbo
339 1079 492 1123 quidem
521 1077 685 1123 fignificat
704 1078 739 1112 in
767 1079 830 1112 hac
848 1078 986 1124 epistola
1004 1079 1036 1113 se
1050 1081 1218 1126 appellare
1236 1093 1293 1115 aut
1311 1079 1490 1126 appellasse
1507 1085 1703 1116 Romanum

72 1124 286 1175 pontificem.
342 1130 423 1162 Huc
442 1139 552 1162 tamen
571 1127 702 1162 trahere
721 1139 863 1162 conatur
881 1131 998 1173 Lupus
1016 1129 1095 1163 haec
1113 1129 1232 1164 verba:
1260 1130 1448 1179 Rogabam,
1468 1140 1504 1164 ut
1523 1134 1701 1176 innotesce·
1721 1139 1728 1141 “

80 1186 160 1213 rent
183 1177 244 1222 ista
261 1178 445 1221 sanHitati
462 1177 607 1221 vestrae,
635 1186 668 1211 et
685 1177 772 1224 qnod
789 1176 883 1211 vobis
906 1177 1096 1219 videretur,
1103 1179 1314 1224 judicaretis
1326 1206 1335 1221 ‚
1361 1179 1508 1215 omnibus
1525 1180 1629 1216 modis
1647 1192 1699 1216 me

71 1229 306 1273 Jequtcturum,
332 1237 416 1272 quae
436 1225 640 1270 probtfftis.

69 1311 73 1314 ,
177 1276 312 1308 Verum
337 1273 390 1306 his
418 1271 533 1306 verbis
561 1270 825 1319 appellationem
851 1283 922 1306 non
943 1272 1114 1306 contineri
1131 1271 1226 1308 docet
1243 1273 1382 1308 Bafilius
1402 1276 1436 1309 in
1456 1276 1588 1323 synodo
1606 1279 1702 1313 Con-

81 1320 383 1368 stantinopolitana
400 1318 463 1357 ast.
487 1334 515 1355 1.
537 1321 655 1355 concil.
678 1320 885 1357 Chalcedon.
900 1321 965 1357 col.
982 1332 1063 1364 244.
1080 1333 1162 1356 tom.
1184 1334 1217 1363 4.
1237 1335 1331 1358 conc.
1349 1324 1437 1362 Scio,
1464 1325 1594 1370 inquit,
1621 1331 1701 1375 quia

82 1372 177 1408 dixit
204 1373 381 1420 religiosus
403 1370 674 1406 archimandrita
695 1370 881 1417 Eutyches,
907 1370 939 1416 fi
961 1374 1201 1418 praeceperint
1224 1373 1308 1409 milii
1328 1383 1446 1419 patres
1471 1376 1639 1411 Romanus
1665 1385 1701 1412 et

76 1421 351 1458 Alexandrinus,
378 1419 449 1455 dico
472 1421 529 1455 hoc
559 1423 682 1466 ipsum,
711 1421 770 1454 lzoc
788 1429 897 1455 autem
916 1432 981 1455 non
1002 1421 1089 1468 quali
1107 1423 1277 1467 appellans
1290 1422 1407 1460 dixit,
1428 1424 1494 1469 sed
1507 1425 1619 1461 dicens
1634 1438 1703 1461 non

17 1470 20 1471 ⁷
67 1471 142 1516 sum
166 1471 263 1516 ausus
283 1469 392 1505 dicere
405 1478 554 1516 propter
567 1479 695 1515 patres.
750 1471 868 1512 ltaque
885 1471 1008 1515 gratias
1027 1470 1190 1505 habemus
1212 1471 1404 1508 Christiano
1423 1476 1537 1520 Lupo,
1561 1476 1619 1519 qui
1639 1488 1699 1511 no-

75 1518 130 1554 bis
149 1517 416 1555 subministravit
428 1517 605 1563 epistolam
625 1517 717 1551 illam
736 1518 897 1565 Eutychis
914 1519 955 1553 ad
972 1522 1131 1559 Leonem,
1151 1533 1226 1555 cum
1250 1535 1287 1556 ex
1310 1535 1347 1557 ea
1363 1521 1490 1558 constet
1508 1524 1699 1572 Eutychen}

76 1567 237 1604 libellum
253 1567 494 1615 appellationis
517 1579 584 1600 non
603 1565 726 1600 dedisse
743 1566 782 1600 ad
799 1566 1008 1612 pontificem,
1036 1569 1091 1603 {ed
1111 1582 1240 1605 tantum
1259 1572 1298 1606 ab
1319 1585 1359 1607 eo
1379 1571 1521 1618 periisse,
1541 1575 1624 1619 quid
1641 1575 1701 1609 ille

75 1609 118 1652 xde
133 1615 200 1652 fide
212 1617 454 1652 incarnationis
472 1614 816 1662 sentirer‚pollicitus‚
835 1618 866 1651 le
883 1616 1124 1654 consensurum
1141 1622 1194 1662 iis,
1216 1633 1300 1665 quae
1316 1621 1498 1668 probasset«

75 1722 134 1762 De
162 1722 264 1773 causa
290 1721 452 1773 cJoannis·
480 1723 517 1760 T
511 1723 641 1766 alaiae,
666 1736 724 1760 nec
748 1736 815 1760 non
840 1722 879 1759 de
904 1724 1063 1772 exemplis
1080 1727 1287 1773 judiciorum
1310 1730 1590 1780 ecclaessaflicorum
1606 1732 1703 1781 apud

287 1772 441 1811 Graecos
456 1786 560 1822 usque
575 1774 625 1811 ad
641 1773 828 1825 divistonem
847 1773 1021 1811 orientalis
1048 1781 1080 1812 et
1096 1777 1309 1816 occidentalis
1324 1782 1478 1832 ecclesiae.

72 1860 209 1960 Huc
226 1886 335 1920 usque
362 1873 592 1911 Christianum
615 1877 755 1922 Lupum
776 1887 807 1911 et
826 1874 909 1911 alios
928 1874 1078 1923 ejusdem
1098 1881 1174 1914 cffi'n
1196 1879 1271 1926 ipso
1291 1881 1470 1918 sententiae
1486 1884 1628 1931 aggressi
1645 1884 1696 1922 su·

192 1936 292 1967 mus;
317 1937 408 1959 nunc
440 1925 539 1960 etia‘m
564 1927 722 1971 cogimur
749 1926 789 1960 ab
815 1924 960 1972 ipsomet
985 1930 1102 1963 Marca
1121 1928 1293 1966 dissentire
1310 1933 1345 1966 in
1361 1932 1456 1968 causa
1474 1937 1616 1982 Joannis
1637 1938 1697 1972 Pa-

71 1973 237 2012 triarchae
264 1973 504 2013 Alexandrini,
530 1987 630 2019 quern
649 1977 768 2010 Petrus
785 1979 942 2021 Mongus
961 1975 1097 2023 jubente
1118 1979 1327 2025 imperatore
1350 1984 1490 2018 Zenone
1508 1996 1539 2020 et
1560 1986 1694 2021 consen-

70 2027 177 2060 tiente
196 2024 322 2059 Acacio.
339 2022 731 2071 Constantinopolitano,
751 2026 950 2071 episcopatu
963 2025 1164 2063 deturbavit.
1193 2029 1255 2064 llle
1274 2029 1398 2078 ejeEius
1416 2034 1632 2070 Antiochiam
1651 2036 1692 2071 ad

74 2073 324 2111 Calendionem
334 2073 589 2110 Antiochenum
606 2077 769 2119 perrexit,
787 2087 816 2111 et
834 2074 980 2121 sumptis
1000 2077 1040 2111 ab
1060 2090 1099 2113 eo
1116 2078 1359 2115 interceffionis
1375 2082 1499 2118 litteris
1514 2085 1555 2119 ad
1566 2088 1691 2120 Romn-

77 2135 159 2158 num
170 2119 369 2170 pontificem
391 2122 584 2168 appellavit}
610 2128 827 2169 Romamque
846 2124 1003 2171 profugit
1021 2127 1061 2161 ad
1080 2128 1294 2175 Simplicium
1311 2141 1385 2167 tum
1399 2136 1568 2180 temporis
1587 2135 1690 2181 hujus

76 2171 170 2208 urbis
197 2169 417 2218 episcopum,
444 2184 483 2207 eo
502 2184 640 2209 mortuo
659 2177 829 2210 Romanae
853 2174 1000 2210 ecclefiae
1019 2177 1251 2224 episcopatum
1270 2193 1363 2215 anno
1388 2191 1471 2226 433.
1488 2183 1627 2219 sortitus
1644 2183 1690 2221 est

80 2220 248 2259 Clemens,
265 2222 325 2265 qui
342 2221 472 2266 legatos
484 2223 630 2258 Vitalem
650 2236 679 2259 et
697 2224 867 2260 Misenum
886 2224 925 2259 ad
939 2227 1109 2261 Zenonem
1129 2228 1227 2269 misst,
1257 2230 1380 2274 quibus
1398 2232 1436 2265 in'
1451 2233 1616 2269 mandatis
1635 2234 1694 2268 de„

78 2268 140 2310 dit,
164 2279 202 2304 ut
225 2281 380 2315 peterent
408 2272 594 2310 concilium
623 2273 896 2311 Chalcedonense
920 2273 1133 2321 confirmari,
1160 2281 1297 2315 Petrum
1312 2283 1489 2329 Mongutn
1509 2283 1688 2326 exturbari,

1606 2345 1640 2367 et
