1982 2739
335 202 409 240 284
582 192 653 231 DE
680 191 952 238 ANTIQUA
983 185 1264 225 ECCLESIAE
1289 187 1594 224 DISCPLINA

280 285 408 333 prietes
433 280 529 330 ipsis,
557 280 624 318 sive
641 282 676 317 in
689 281 893 318 «communi,
918 278 986 314 sive
1011 277 1047 312 in
1068 277 1207 326 speciali
1224 288 1420 324 competere
1445 275 1592 312 deberet.
1645 277 1818 317 Dicimus,
1845 276 1896 311 in·

284 336 361 380 quit
388 331 447 368 iste
473 331 653 379 pontifex,
681 331 768 380 quod
782 342 887 380 neque
904 332 940 364 in
959 332 1137 370 communi,
1162 340 1265 378 neque
1283 331 1319 363 in
1344 327 1484 375 speciali
1509 326 1629 362 debent
1650 330 1898 374 proprietatem
1939 372 1945 373 ⁷

282 383 423 424 habere,
445 381 507 428 sed
523 381 710 430 utenfilium
734 390 768 416 et
782 379 966 419 librorum,
1002 387 1035 413 et
1053 390 1166 414 eorum
1191 376 1379 417 mobilium,
1404 387 1488 425 quae
1513 377 1590 412 licet
1613 376 1755 414 hahere,
1790 387 1901 412 corum

281 437 373 478 usum
392 431 553 468 habeant.
575 459 583 467 .
603 459 611 467 .
638 443 694 466 nec
713 420 816 465 vendi
833 428 952 464 debent
971 427 1104 463 mobilia
1122 429 1176 463 vel
1193 437 1293 463 extra
1311 426 1461 461 ordinem
1479 429 1674 461 commutari
1696 434 1756 460 aut
1773 427 1900 462 aliena-

282 485 319 518 ri
345 482 579 530 quoquomodo,
612 481 671 528 m'fi
700 479 842 526 ecclaefiae
869 479 1042 513 Romanae
1070 477 1276 514 cardinalis,
1293 479 1350 524 qui
1368 477 1488 522 fuerit
1517 475 1645 510 ordinis
1667 474 1898 523 gubernator,

278 533 464 581 generali,
497 532 560 578 seu
594 528 862 579 provincialibus
893 527 1054 575 ministris
1080 530 1298 563 autoritatem
1323 527 1430 573 super
1461 525 1518 560 hoc
1539 523 1742 573 praebuerit
1771 527 1826 560 vel
1852 528 1917 572 aJ-t'
1970 530 1973 531 ’

299 591 338 616 en
355 592 420 615 um.
500 604 506 620 t

275 583 305 627 s
341 583 356 625 Ι
431 626 508 663 Post
527 626 609 661 haec
633 624 853 661 Innocentius
873 626 933 661 lv.
959 637 1082 664 rerum,
1107 638 1250 674 quarum
1274 621 1564 660 ususMinoribus
1581 622 1797 665 conceditur,
1814 635 1898 670 pro-

282 678 463 726 prietatem
484 677 525 711 ad
553 675 665 711 sedem
697 673 916 721 apostolicam
940 673 1131 721 specialiter
1156 677 1326 722 pertinere
1355 674 1537 708 declaravit
1561 684 1650 707 anno
1672 686 1776 716 1245.
1804 675 1904 708 Item-

281 739 349 773 que
369 726 557 762 Alexander
577 727 637 761 lV.
654 738 744 760 anno
767 736 868 768 1²54·
886 724 1033 760 decrevit
1047 725 1121 760 loca
1137 723 1287 760 fratrum
1304 723 1343 760 ad
1364 721 1562 770 pontificem
1589 734 1619 756 et
1637 721 1749 757 sedem
1767 721 1900 768 aposto-

224 790 251 805 ··
280 777 379 813 licam
399 775 587 822 specialiter
601 776 793 820 pertinere:
821 785 899 808 cum
917 786 1000 808 vero
1018 772 1216 820 hujusmodi
1239 774 1459 820 proprietatis
1484 771 1730 806 abdicationem
1759 772 1899 817 quidam

280 825 473 863 irriderent,
491 822 658 860 Nicolaus
669 826 731 857 111.
751 823 786 857 in
803 822 959 856 decretali
977 822 1075 863 exiit,
1102 834 1159 856 eos
1179 823 1273 857 velut
1292 833 1439 857 errantes
1458 821 1630 855 damnavit
1649 831 1681 855 et
1707 834 1900 857 excommu-

281 876 451 911 nicatione
468 873 632 920 perculit,
659 871 815 911 dicimus,
843 871 970 915 inquit,
997 871 1083 919 quod
1108 870 1276 906 abdicatio
1301 872 1526 918 proprietatis
1555 870 1740 915 hujusmodi
1759 874 1901 907 omnium

279 936 394 960 rerum
411 936 478 958 non
496 931 563 957 tam
582 924 618 956 in
627 922 771 968 speciali
787 932 882 967 quam
900 922 1000 955 etiam
1018 923 1055 955 in
1071 923 1228 954 communi
1253 922 1435 955 meritoria
1459 918 1500 964 est
1527 927 1560 953 et
1578 918 1718 963 sanna,
1745 932 1843 967 quam
1868 932 1902 956 et

282 973 429 1018 Christus
446 973 536 1006 viam
552 970 776 1017 perfeflionis
794 968 958 1013 ostendens
976 968 1079 1004 verbo
1101 969 1214 1004 docuit
1234 978 1267 1005 et
1286 970 1435 1015 exemplo
1448 967 1626 1011 firmavit,
1653 979 1816 1016 quamque
1824 972 1902 1016 pri·

280 1025 327 1056 mi
336 1020 545 1066 fundatores
564 1020 746 1054 militantis
762 1018 925 1066 eccltfiae,
949 1027 1053 1064 prout
1077 1017 1120 1052 ab·
1147 1021 1219 1065 ipso
1240 1021 1345 1065 fonte
1369 1019 1554 1062 hauserunt
1580 1018 1724 1052 volentes
1745 1018 1901 1064 perfeHe

280 1072 403 1104 vivere
418 1081 484 1116 per
500 1068 675 1104 dominae
693 1077 726 1102 et
744 1070 838 1103 vitae
856 1069 1006 1114 exempla
1027 1070 1062 1102 in
1087 1079 1136 1102 eos
1164 1068 1376 1103 derivarunt.
1428 1067 1543 1102 Aliter
1567 1067 1754 1111 sentit-nter
1781 1079 1901 1104 excom-

280 1120 511 1154 municationis
524 1119 727 1163 sententiae,
746 1129 842 1165 quam
859 1129 948 1152 nunc
965 1119 1001 1151 in
1015 1120 1101 1163 ipsos
1116 1120 1336 1163 proferimus,
1351 1117 1389 1161 se
1407 1119 1568 1152 noverint
1580 1115 1768 1162 subjacere,
1793 1129 1813 1151 a
1830 1129 1899 1166 qua

276 1180 343 1216 per
360 1170 521 1203 neminem
543 1167 603 1214 nist
616 1177 681 1214 per
697 1167 882 1201 Romanum
900 1165 1092 1212 pontificem
1108 1166 1230 1214 poffint
1254 1165 1405 1211 absolvi.-
1438 1167 1484 1200 ita
1518 1164 1688 1200 occasione
1711 1167 1900 1202 contentio-

281 1217 334 1252 nis
350 1215 670 1255 Franciscanorum,
697 1215 917 1250 Innocentius
936 1215 1060 1260 dogma
1078 1218 1193 1249 condit
1209 1215 1251 1249 de
1268 1215 1481 1250 abdicatione
1504 1214 1723 1260 proprietatis
1741 1216 1898 1251 omnium

280 1278 417 1305 rerum,
444 1264 576 1309 eosque,
595 1265 655 1309 qui
673 1264 766 1298 illam
789 1264 1003 1298 meritoriam
1021 1275 1078 1297 aut
1103 1262 1249 1298 faustam
1282 1262 1345 1297 effe
1367 1274 1537 1309 negarent,
1553 1261 1756 1307 proscribit,
1797 1263 1900 1309 idque
1933 1298 1941 1306 ,

284 1326 353 1348 tam
373 1312 504 1348 disertis
526 1312 634 1346 verbis
651 1312 800 1346 adhibita
819 1312 918 1345 etiam
939 1310 1108 1345 sacrarum
1125 1312 1316 1345 litterarum
1343 1313 1522 1345 autoritate
1541 1311 1706 1351 decernit,
1734 1323 1772 1346 ut
1798 1311 1897 1350 facile

283 1363 495 1407 intelligatur
512 1373 588 1395 eum
606 1358 755 1394 habuisse
777 1360 811 1393 in
829 1360 944 1394 animo
964 1358 1157 1394 universam
1178 1359 1340 1393 ecclesiam
1363 1360 1482 1394 docere
1495 1386 1504 1400 ,
1532 1371 1568 1394 ac
1587 1372 1660 1395 rem
1682 1373 1720 1394 ex
1739 1361 1898 1398 cathedra

283 1411 434 1446 definire.
488 1409 604 1456 Hujus
622 1407 784 1444 successor
802 1410 972 1443 Martinus
991 1411 1050 1443 JV.
1069 1410 1103 1442 in
1123 1408 1214 1442 bulla
1232 1409 1305 1442 data
1330 1421 1384 1444 10.
1402 1409 1470 1444 Kal.
1484 1407 1660 1444 Februarii
1679 1422 1771 1445 anno
1790 1418 1896 1451 1282.

278 1465 418 1509 pariter
437 1460 561 1506 statuit
579 1460 628 1494 ad
641 1457 796 1505 ecclesiam
810 1459 995 1492 Romanam
1011 1461 1152 1492 omnium
1171 1469 1282 1491 rerum
1297 1457 1465 1492 mobilium
1481 1468 1514 1494 et
1538 1459 1760 1497 immobilium,
1777 1460 1896 1508 quibus

276 1514 416 1557 fratres
435 1512 487 1544 uti
502 1508 650 1556 postam,
669 1509 746 1554 jus,
772 1509 1023 1554 proprietatem
1041 1514 1073 1540 et
1091 1505 1275 1540 dominium
1289 1507 1380 1540 nullo
1400 1507 1491 1541 modo
1501 1508 1664 1552 spec‘i‘are.
1717 1507 1813 1543 Idem
1843 1510 1895 1545 de-

285 1560 392 1594 cernit
409 1558 576 1593 Nicolaus
595 1559 655 1592 lV.
672 1568 762 1590 anno
787 1563 890 1599 1298.
913 1566 951 1588 ac
969 1554 1106 1588 demum
1126 1554 1281 1588 Clemens
1305 1556 1346 1588 V.
1374 1555 1408 1588 in
1436 1555 1579 1591 concilio
1598 1557 1781 1592 Viennensi
1807 1559 1895 1594 circa

283 1621 359 1644 ann.
385 1619 488 1651 1311.
505 1607 630 1643 eadem.
649 1617 734 1648 quae
750 1603 968 1639 antecessores
992 1602 1042 1638 sui
1070 1602 1334 1643 declaraveram,
1354 1603 1534 1640 confirmat
1550 1604 1787 1641 constitutione
1822 1607 1897 1644 satis

280 1658 435 1703 prolixa,
454 1668 540 1700 quae
557 1656 644 1689 inter
663 1653 891 1689 Clementinas
907 1653 1044 1698 legitur,
1063 1650 1224 1700 cujusque
1242 1654 1453 1698 principium
1475 1653 1520 1689 est
1546 1657 1662 1696 exivi3
1694 1655 1738 1689 ita
1766 1654 1896 1702 septem

279 1707 425 1742 Romani
444 1703 623 1751 pontifices
640 1716 710 1739 non
728 1703 833 1738 modo
849 1703 1084 1749 approbarunt
1100 1715 1155 1736 eos
1169 1700 1417 1741 Franciscanos‚
1436 1706 1496 1748 qui
1510 1703 1661 1744 illarum,
1681 1704 1803 1749 quibus
1825 1719 1894 1742 ute-

282 1755 406 1791 bantur
424 1766 541 1789 rerum
559 1754 807 1799 proprietatem
822 1751 1038 1792 abdicabant,
1067 1763 1208 1795 ean-,que
1239 1750 1398 1797 pontifici
1425 1754 1518 1789 ultro
1546 1753 1780 1800 largiebantur
1799 1781 1808 1796 ,
1836 1755 1895 1791 sed

282 1816 315 1840 ct
334 1817 407 1846 coe,
425 1805 484 1849 qui
502 1803 591 1839 istud
611 1803 846 1848 improbarent
863 1801 1021 1836 damnare
1044 1813 1111 1836 non
1133 1801 1344 1836 dubitarunt.

425 1857 471 1888 At
490 1866 506 1887 e
523 1864 639 1888 contra
654 1854 803 1900 Joannes
819 1853 937 1889 xxti„
949 1851 1183 1896 quiClementi
1198 1849 1353 1888 succeffir‚
1365 1851 1525 1885 Minores
1544 1849 1715 1895 quosdam,
1734 1855 1792 1898 qui
1808 1851 1892 1891 frat.

279 1915 334 1938 res
352 1903 390 1936 de
408 1914 561 1948 paupere
579 1899 645 1936 v'ira
661 1927 670 1939 ‚
699 1913 829 1936 necnon
846 1899 997 1935 Bisocchi
1015 1913 1050 1935 ac
1071 1900 1212 1946 Beguini
1232 1899 1424 1935 dicebantur
1452 1899 1553 1946 seque
1575 1903 1617 1936 D.
1645 1901 1813 1938 Francisci
1841 1918 1894 1940 re-

281 1952 395 1997 gulam
414 1952 455 1986 ad
475 1951 617 1985 litteram
639 1950 767 1985 servare
783 1949 1049 1996 profitebantur,
1078 1950 1247 1984 da'mnavit
1265 1962 1294 1983 et
1312 1950 1476 1989 abolevit,
1511 1950 1769 1993 constitutione,
1796 1953 1892 2000 cujus

280 2002 418 2036 initium
438 1999 545 2034 sanfiia
557 2004 709 2036 Romana
727 1998 877 2039 ecclesia,
905 2011 1035 2034 necnon
1056 2000 1158 2034 altera
1175 1995 1357 2033 diressorio
1375 1998 1616 2043 inquisitorum
1636 2000 1778 2043 inserta,
1806 2015 1893 2048 quae

279 2051 399 2094 incipit
414 2049 596 2094 gloriosam
615 2047 799 2087 ecclesiam,
829 2060 967 2093 utraque
982 2061 1072 2083 anno
1090 2048 1191 2095 ipsius
1212 2060 1241 2082 2.
1263 2048 1355 2088 data,
1385 2060 1466 2083 tunc
1483 2049 1528 2083 ait
1547 2052 1745 2096 Eymericus
1768 2063 1890 2095 quatu·

275 2112 319 2134 or
335 2097 458 2133 fratres
477 2097 673 2145 hujusmodi
693 2098 785 2131 velut
805 2097 960 2132 haeretici
981 2098 1072 2143 apud
1101 2095 1277 2133 Massiliam
1305 2110 1394 2132 anno
1428 2105 1531 2140 1318.
1562 2112 1625 2144 per
1648 2100 1887 2145 inquisitorem

277 2149 462 2183 haereticae
478 2147 671 2194 pravitatis,
700 2145 790 2181 velut
806 2146 960 2182 haeretici
980 2147 1186 2182 condemnati
1208 2145 1284 2180 sunt
1300 2158 1331 2188 et
1350 2146 1496 2183 flammis
1514 2146 1659 2189 addim,
1688 2149 1745 2193 qui
1772 2149 1812 2184 ab
1831 2162 1890 2186 eo..

277 2211 355 2232 rum
371 2198 510 2242 collegis
530 2208 701 2240 tamquam
718 2207 883 2244 martyres
905 2197 1065 2232 honorati
1081 2197 1166 2230 sunt:
1194 2207 1302 2240 porro
1316 2196 1498 2242 praecipua
1513 2196 1617 2237 causa,
1630 2200 1890 2245 quaeJoannem

273 2249 379 2283 xxu.
395 2248 431 2282 in
450 2244 531 2282 'istos
546 2244 816 2287 exacerbaverat2
843 2245 923 2282 haec
939 2257 1020 2286 erat,
1038 2245 1130 2292 quod
1147 2245 1287 2281 Nicolai
1309 2248 1372 2282 ΠΙ.
1404 2245 1445 2280 de
1467 2246 1678 2294 proprietate
1702 2247 1886 2292 bonorum,

1705 2297 1833 2343 quibus
