1992 2739
324 210 367 243 μ.
643 201 714 238 DE
739 199 939 244 ANTIQ.
968 197 1252 234 ECCLESIAE
1278 197 1513 233 Discum

274 304 340 327 non
356 288 642 337 provomndiffed
653 288 869 336 supplicandi
890 288 1059 322 lit-entiam
1081 285 1288 321 concedimus.
1341 287 1420 319 Hoc
1445 283 1633 319 remedium
1665 283 1700 317 in
1731 279 1814 316 Cod.
1838 280 1878 316 de

275 338 560 387 adpellationibus
577 340 652 390 lege
668 341 728 373 ult.
749 349 886 372 vocatur
902 336 1111 372 retrassatio.
1163 336 1267 369 Varia
1285 333 1385 380 hujus
1402 335 1450 367 rei
1469 335 1503 367 in
1532 332 1630 367 rebus
1659 329 1878 366 ecclesiasticis
1916 328 1926 333 ”

277 389 427 435 exempla
445 387 674 422 subministrat
696 389 813 421 Petrus
833 387 872 420 de
902 388 1036 424 Marca,
1071 383 1170 430 huj-us
1199 382 1441 417 observationis
1471 381 1607 416 austorz
1645 380 1684 414 {ic
1711 378 1879 415 Arban-aiii

275 438 405 474 causam
424 441 458 471 in
478 436 608 485 synodo
628 435 809 471 Sardiceusi
828 434 915 483 jussu
933 436 1183 479 imperatorum
1200 430 1411 466 retrastatam
1431 430 1492 465 eisc
1508 430 1633 475 probat
1651 441 1687 462 ex
1711 429 1777 463 istis
1804 441 1880 463 ver-

275 489 325 524 bis
345 485 438 533 epist.
491 486 679 533 Synodicae
695 486 736 519 ad
754 485 898 532 julium.
950 484 1056 523 Nam,
1083 482 1242 527 inquiunt
1258 483 1292 515 in
1310 480 1364 515 illa
1381 479 1548 526 episcopi,
1577 478 1808 526 religiostffimt·
1824 480 1882 512 im-

271 546 446 584 peratores
466 537 699 582 permiserunt,
727 544 768 569 ut
785 535 824 568 de
843 538 979 580 integro
995 533 1153 576 universa
1173 530 1316 576 discuſj'a
1331 530 1574 565 inflarentur.
1630 527 1729 571 Quafi
1752 525 1818 560 fine
1844 525 1882 559 il-

273 587 388 621 lorum
406 583 567 631 permissu
584 583 670 617 istud
692 596 759 617 non
780 582 925 616 licuerit.
979 582 1031 615 Sic
1049 581 1217 615 Photinus
1235 580 1305 626 jam·
1320 579 1496 613 damnatus
1516 578 1555 611 ab
1573 578 1795 622 imperatore,
1821 577 1880 610 im—

272 636 435 682 petravit,
463 646 499 668 ut
516 634 638 667 iterum
656 633 726 677 ejus
747 630 838 666 causa
856 633 890 665 in
909 628 1081 666 sirmienfi
1102 640 1266 663 conventu
1284 639 1448 673 ageretur.
1527 628 1578 661 Sic
1595 628 1693 660 etiam
1711 623 1882 672 Chrysost.

274 683 354 719 teste
372 682 521 719 Palladio
538 681 704 728 judicatus
724 693 742 715 a
759 679 890 728 syuodo
907 680 948 714 ad
961 682 1134 722 Quercum
1152 679 1250 723 petiit
1267 677 1307 711 ab
1327 676 1494 714 Arcadio,
1523 687 1560 710 ut
1579 674 1671 709 aliud
1698 673 1880 709 concilium

272 733 514 771 celebraretur,
542 733 576 764 in
597 743 664 775 quo
683 730 776 764 causa
798 728 855 763 ista
875 726 1085 763 trastaretur.
1139 730 1255 770 ltaque
1274 725 1424 773 synodus
1461 724 1674 761 Antiochena
1691 735 1761 758 non
1787 722 1881 757 ordi.

268 783 362 817 narie
381 781 823 826 conceditprovocationem
838 778 878 812 ad
896 777 1060 823 majorem
1071 774 1250 824 synodum,
1265 774 1459 810 sedtantum
1479 774 1647 820 permittit
1664 772 1883 818 imperatori-

270 831 354 871 bus,
392 843 428 865 ut
448 828 469 863 fi
497 827 628 864 causam
650 828 791 874 alicujus
808 827 919 861 clerici
940 825 991 860 vel
1011 824 1161 870 episcopi
1180 824 1271 859 haud
1298 824 1382 859 bene
1405 823 1586 871 judicatam
1609 820 1672 857 esse
1698 819 1853 856 censeant
1869 845 1880 862 ,

270 881 435 928 majorem
454 878 622 926 synodum
650 877 797 911 indicere
816 874 956 922 poffint,
984 874 1044 908 ubi
1064 875 1189 909 iterum
1205 872 1416 909 tetrastetur.
1470 872 1575 916 Quod
1592 873 1718 906 mirum
1736 868 1795 904 esse
1813 882 1883 904 non

274 930 387 969 debet,
416 940 491 963 cum
510 938 629 962 omnes
646 927 751 972 paulo
775 925 919 972 majores
938 922 1059 971 synodi
1078 922 1118 956 ab
1141 923 1408 968 imperatoribus
1428 933 1507 957 tunc
1525 931 1805 956 convocarentur.
1841 924 1882 954 At

276 980 312 1014 in
334 977 462 1012 cafibus
481 976 685 1014 ordinariis,
714 975 773 1008 ubi
792 986 862 1007 non
882 971 1063 1007 intercedit
1081 972 1301 1016 imperatoris
1327 970 1525 1010 austeritas,
1562 969 1689 1003 nullam
1718 979 1881 1013 provoca*

274 1029 418 1065 tionem,
444 1036 506 1059 aut
522 1023 723 1058 revifionem
741 1023 897 1065 cuiquam
918 1018 1131 1060 concedunt3
1159 1018 1215 1052 sed
1233 1018 1355 1053 volunt
1372 1019 1541 1065 judicium
1553 1016 1644 1051 finiri
1660 1018 1883 1062 aprovinciae

276 1074 462 1121 episcopiS,
490 1074 512 1107 fi
533 1073 741 1107 conveniant
757 1095 765 1110 ‚
793 1067 962 1115 adjunEH5
982 1066 1227 1103 vicinioribus,
1253 1065 1276 1101 fi
1300 1068 1393 1101 inter
1412 1066 1594 1112 episcopos
1621 1064 1819 1112 provinciae
1843 1063 1886 1100 fit

274 1122 438 1160 dissensio.
493 1125 602 1157 Porro
626 1120 701 1155 licet
717 1118 776 1154 ista
796 1116 1073 1164 expofitio-Petri
1091 1115 1257 1151 deMarca
1278 1115 1316 1151 fit
1332 1114 1504 1162 ingeniose
1523 1117 1667 1150 omnino
1688 1116 1888 1159 excogitata,-

274 1186 394 1210 vereor
404 1182 583 1211 tamen,ut
599 1182 668 1204 non
688 1167 727 1202 fit
743 1167 819 1202 satis
842 1166 956 1202 solida.
1008 1164 1155 1200 Mallem·
1169 1165 1281 1209 igitur·
1292 1177 1454 1200 canonem
1476 1165 1568 1200 hunc
1584 1167 1632 1199 ita
1646 1175 1831 1208 exponere,
1847 1173 1886 1198 ut

273 1222 392 1270 major>
400 1220 539 1265 quidem
556 1218 705 1266 synodus
723 1216 886 1251 celebrari
903 1214 1039 1250 debeat,
1064 1225 1134 1247 non
1151 1213 1408 1257 adpetitionem
1429 1224 1487 1247 aut
1502 1214 1781 1257 provocationem
1793 1211 1886 1246 dam·

274 1273 362 1309 nati,
390 1268 447 1304 sed
465 1268 505 1301 ad
524 1278 655 1302 eorum,
668 1265 723 1308 qui
744 1262 855 1308 ipsum
872 1262 1129 1303 damnaverunt,
1147 1261 1370 1305 petitionem,
1400 1272 1437 1295 ut
1453 1259 1578 1295 scilicet
1594 1260 1661 1300 ille,
1674 1261 1732 1304 qui
1751 1261 1886 1294 damna-

275 1331 331 1356 tus
349 1329 452 1353 novas
471 1328 521 1350 res
540 1314 701 1353 molitur,
729 1323 760 1346 et
776 1310 904 1357 judicio
923 1311 958 1344 in
977 1308 1010 1344 se
1026 1309 1096 1344 lato
1114 1306 1199 1342 stare
1221 1321 1287 1343 non
1307 1308 1398 1349 vult,
1425 1309 1592 1355 compesci
1614 1306 1725 1354 poffit.
1779 1310 1829 1342 Ita
1845 1317 1884 1343 ut

275 1367 390 1406 sensus
405 1366 446 1401 sit
477 1376 615 1400 canonis
633 1378 642 1398 .-
693 1360 716 1395 fi
736 1362 814 1406 quis
833 1359 1008 1394 damnatus
1025 1357 1066 1392 ab
1085 1355 1251 1404 episcopis
1267 1358 1462 1404 provinciae
1487 1358 1643 1402 pervicax
1669 1356 1723 1397 fit,
1758 1367 1792 1391 et
1820 1357 1884 1392 im·

275 1428 471 1466 peratorem
495 1412 658 1453 sollicitet,
672 1422 708 1446 ut
727 1409 918 1446 restituatur
932 1434 945 1449 ,¹
976 1418 1134 1454 oportet,
1149 1418 1187 1441 ut
1210 1408 1245 1447 ii,
1262 1419 1283 1441 a
1300 1406 1424 1451 quibus
1457 1404 1630 1440 damnatus
1656 1403 1719 1447 est,
1757 1404 1886 1453 synodi·

274 1467 415 1513 majoris
432 1461 673 1499 austeritatem<
687 1459 885 1497 adhibeant,
911 1469 953 1492 ut
969 1458 1040 1504 ejus
1058 1455 1152 1490 causa
1172 1455 1220 1489 ibi
1248 1456 1382 1501 cognita
1409 1454 1538 1490 nullam
1565 1455 1808 1490 excusationem
1830 1453 1882 1490 af.

275 1515 368 1551 ferre
384 1512 494 1561 poffit.
547 1512 591 1548 Id‘
613 1522 698 1546 certe
716 1508 862 1544 statuunt
879 1507 1012 1542 concilii
1029 1504 1395 1549 Constantinopolitani
1409 1515 1521 1550 patres
1540 1516 1665 1539 canone
1686 1508 1718 1540 6.
1784 1504 1886 1548 Quod-

267 1566 297 1613 fi
316 1566 483 1600 evenerit,
534 1562 710 1606 inquiunt,
749 1568 786 1594 ut
808 1557 1031 1605 provinciales
1058 1554 1200 1599 episcopi
1225 1556 1383 1590 crimina,
1419 1566 1503 1601 quae
1528 1555 1678 1600 episcopo
1712 1556 1887 1588 intentata

270 1617 371 1661 sunr,
401 1615 571 1659 corrigere
592 1623 658 1645 non
672 1608 806 1656 poffint,
833 1616 911 1641 tunc
930 1607 1011 1650 ipsos
1034 1602 1078 1636 ad
1098 1603 1254 1647 majorem
1265 1602 1425 1648 synodum
1443 1602 1588 1649 dioecesis
1609 1604 1699 1636 illtus
1716 1604 1882 1648 episcopo.

273 1676 347 1699 rum
362 1675 424 1709 pro
445 1662 504 1695 hac
518 1662 613 1705 causa
632 1667 881 1694 convocatorum
900 1651 1061 1688 accedere.
1115 1650 1154 1685 Si
1170 1653 1242 1697 quis
1260 1659 1368 1686 autem
1384 1653 1446 1691 liis,
1457 1664 1558 1698 quae,
1595 1661 1640 1686 ur
1655 1654 1751 1697 prius
1775 1651 1883 1685 decla-

275 1723 388 1748 ratum
407 1711 465 1757 est,
493 1709 623 1744 decreta
637 1711 788 1754 fuerunt
810 1704 1024 1747 contemptis,
1053 1702 1149 1743 aulus
1163 1702 1280 1745 fuerit
1297 1701 1352 1734 vel
1373 1702 1593 1747 imperatoris·
1616 1712 1712 1734 aures
1737 1699 1889 1746 molestia·

276 1762 419 1805 afficere,
448 1761 500 1793 vel
513 1759 730 1803 saecularium
748 1757 937 1802 principum
946 1750 1080 1798 judicia
1093 1775 1100 1787 ,
1130 1750 1181 1783 vel
1200 1750 1422 1793 universalem
1434 1749 1597 1795 synodum
1611 1747 1815 1795 perturbare
1824 1760 1882 1783 ne-

272 1811 393 1860 gleflis
413 1807 558 1853 dioecesis
573 1808 729 1853 episcopi,
744 1830 751 1841 .
779 1815 857 1837 eum*
869 1803 957 1836 nullo
976 1799 1069 1833 modo
1085 1797 1151 1844 effe
1175 1797 1220 1832 ad
1241 1801 1476 1839 accusationem
1507 1797 1763 1833 admittendum.
1819 1800 1889 1831 ItaOE

277 1856 343 1904 que
367 1857 552 1893 canonibus
573 1855 787 1891 Antiocheno
806 1864 838 1886 et
863 1846 1240 1893 Constantinopolitano
1269 1859 1336 1880 non
1363 1846 1460 1881 datur
1486 1844 1626 1882 facultas
1656 1846 1819 1881 damnato·
1840 1845 1887 1880 ad¹

274 1908 438 1954 majorem
456 1906 624 1952 synodum
642 1901 870 1950 provocandi,
898 1898 951 1934 sed
971 1908 1104 1932 tantum
1126 1895 1322 1930 conceditur
1350 1895 1519 1941 episcopis
1545 1893 1713 1943 judicibus
1741 1894 1892 1942 majoris.

273 1956 396 2006 synodi
420 1954 620 1990 austeritate
638 1955 706 1990 uti,
732 1963 768 1987 ut
789 1952 1002 1987 d'amnarum,
1033 1945 1054 1979 fi
1072 1948 1226 1992 pervicax
1242 1943 1298 1982 sit,
1328 1956 1361 1979 et
1376 1944 1408 1979 se
1436 1957 1494 1990 pet
1521 1947 1759 1991 imperatorem
1790 1943 1884 1979 resti·

273 2008 326 2042 tui
343 2017 499 2044 conetur,
526 2003 735 2048 compescant
797 2002 880 2035 Uno
898 1997 1003 2031 verbo
1024 2007 1193 2040 nunquam
1212 1993 1339 2033 finum,
1368 2005 1404 2029 ut
1423 2007 1439 2028 a
1456 1993 1805 2041 judiciisprovinciae
1822 2004 1887 2029 aur

273 2052 469 2093 dioeceseos
483 2051 727 2098 episcoporum
746 2050 786 2084 ad
803 2053 995 2084 Romanum
1013 2043 1281 2091 pontificem,aut
1300 2044 1338 2078 ad
1360 2043 1582 2078 occidentales
1600 2054 1818 2090 provocetur:

427 2105 527 2138 Hanc
545 2113 654 2149 porro
672 2099 882 2144 disciplinam
899 2096 1070 2131 mordicus
1091 2095 1303 2129 retinuerunt
1320 2092 1497 2128 orientales
1515 2119 1523 2132 ,
1555 2105 1587 2127 et
1616 2091 1887 2128 occidentalibus·

275 2152 555 2193 succensuerunt,
584 2149 675 2195 quod
695 2149 816 2183 vellent
832 2147 956 2195 judicia
973 2147 1007 2180 in
1025 2146 1151 2180 oriente
1170 2142 1263 2177 finita
1283 2142 1456 2177 περι-ἰωνιᾶς
1492 2142 1524 2176 id
1543 2144 1702 2188 primum
1716 2139 1880 2175 contestu.

277 2206 304 2240 ti
322 2204 398 2238 lunt
412 2203 446 2237 in
463 2203 528 2247 Ep.
546 2200 586 2236 ad
605 2199 737 2247 Juliurn
761 2197 899 2244 scripta,
927 2207 964 2230 ac
981 2194 1099 2230 deinde
1114 2192 1148 2226 in
1175 2193 1318 2228 concili«,-
1340 2191 1657 2237 Blixlippopolitano
1676 2201 1877 2233 queruntur,

279 2250 499 2293 Aumatium
518 2260 693 2303 receptum
714 2246 776 2295 effe
791 2249 827 2287 in
842 2246 1119 2297 communionem
1143 2241 1184 2283 ab
1217 2239 1502 2284 occidentalibus,
1535 2240 1715 2289 postquam
1745 2239 1881 2297 damni-

1778 2298 1844 2325 tut,
