2023 2760
456 202 972 240 DISSERTA-TIONES
999 206 1356 245 HISTORICAE.
1633 221 1676 251 μ

214 286 367 328 Demum
395 287 429 321 in
457 285 590 335 synodo
616 287 659 322 ad
686 288 863 332 Quercum
898 300 981 325 tom.
1019 302 1050 326 2.
1086 301 1182 327 cone.
1218 291 1281 327 col.
1323 298 1430 335 ¹3²8·
1459 292 1728 341 Chrysostomut

107 332 189 371 inde
215 336 353 384 sumpta
380 337 554 373 occasione
581 335 772 378 accusatur,
809 338 897 385 quod
921 341 1064 374 aliorum
1092 341 1238 376 invadat
1262 345 1457 389 provincias
1475 369 1485 384 ,
1524 344 1727 392 ordinetque

106 385 236 422 ibidem
272 389 448 434 episcopm.
513 389 611 432 Quae
639 386 778 432 quidem
813 387 891 422 hcet
931 387 972 423 ab
1009 389 1080 436 ejus
1112 390 1261 425 inimicis
1295 392 1466 427 malevolo
1491 394 1605 428 animo
1635 393 1725 430 dista

105 433 192 473 sint,
211 448 330 482 aperte
357 447 470 471 tamen
488 435 734 477 demonstrant,
759 435 895 472 nullum
912 438 1098 473 canonibus
1117 435 1216 474 fuiffe
1243 440 1358 475 datum
1386 441 1439 487 jus
1467 444 1726 480 ordinationum

104 484 268 532 episcopo
305 484 684 532 Constantinopolitano
720 487 756 521 in
790 485 903 522 Afiam
929 499 961 522 et
987 489 1149 523 Pontum.
1209 492 1304 525 Nam
1331 488 1355 524 fi
1381 492 1428 526 ita
1454 505 1506 528 res
1533 492 1696 529 habuisset
1714 520 1721 533 ,

106 534 256 571 ridicula
282 534 394 571 fuisset
423 537 567 571 omnino
592 536 732 571 illorum
757 535 931 572 accusatio.

201 585 280 620 Post
306 584 593 634 Chrysostomum
619 597 701 621 vero
728 585 842 626 nulli,
877 597 935 621 aut
967 585 1044 621 sane
1068 587 1171 633 pauci
1199 584 1360 632 Ephefini
1401 587 1551 636 episcopi
1578 604 1597 625 a
1623 593 1718 627 Con-

100 632 407 681 stantinopolitano
442 635 595 670 ordinati
622 634 711 671 sunt.
786 636 919 671 Dicunt
951 636 1044 671 enim
1076 635 1190 672 Astani
1217 647 1312 671 conc.
1341 637 1527 674 Chlcedon.
1560 638 1622 675 a&
1663 653 1718 676 υ.

101 685 168 720 eol.
200 697 282 729 700.
308 698 329 719 a
355 685 548 720 Timotheo
575 685 614 720 ad
643 685 733 720 hunc
758 684 865 731 usque
892 684 1095 732 episcopum
1121 687 1243 732 viginti
1267 684 1398 733 septem
1431 688 1555 734 Ephesi
1582 691 1717 726 ordina«

98 744 153 769 tos
181 733 245 769 effe
271 733 471 781 episcopos,
499 736 676 781 excipiunt
695 734 828 780 ii‚rqui
847 733 1212 782 Constantinopolitani
1240 736 1397 783 episcopi
1422 750 1534 783 partes
1564 750 1716 781 tuentur,

100 782 285 819 Castirium
303 808 312 822 ‚
354 787 580 820 Memnonem
619 795 651 820 et
686 785 931 826 Heraclidem,
977 784 1019 820 de
1045 787 1185 821 caeteris
1211 785 1247 820 id
1275 798 1394 823 verum
1422 786 1483 822 effe
1508 789 1714 834 agnoscunt.

96 830 155 868 sed
182 846 222 869 eo
249 830 491 881 confugiunt'‚
536 846 574 869 ut
602 834 714 870 dicant
740 834 918 870 ordinatos
953 834 1030 870 illos
1064 834 1162 871 fuisse
1196 848 1277 871 cum
1310 836 1475 873 consensu
1511 838 1604 874 urbis
1639 839 1717 876 suae

91 882 366 929 archiepiscopi,
394 883 489 929 quod
515 884 558 919 ab
585 885 626 918 iis
653 884 779 920 dicitur
806 885 962 930 quidem,
992 884 1047 920 sed
1073 886 1219 920 minime
1251 886 1429 931 probatur.

198 933 303 968 Haud
323 944 435 968 tamen
464 932 620 970 diffiteor
642 959 652 974 ,
680 935 764 980 quin
792 934 1058 983 Chrysostomus
1077 937 1214 971 caeteris
1231 935 1623 983 Constantinopolitanis
1640 939 1713 984 epi-

96 981 212 1028 scopis
233 983 510 1029 oceupandarum
528 984 628 1018 Ponti
653 996 685 1018 et
711 982 807 1018 Asiae
831 985 1092 1019 ordinationum
1119 986 1208 1019 viam
1232 988 1380 1031 aperuit.
1433 989 1528 1022 Nam
1554 989 1686 1022 Atticus
1703 1012 1712 1028 .

97 1032 159 1075 qui
177 1033 304 1078 Joanni
319 1031 483 1072 successit,
510 1031 710 1077 episcopum
729 1033 878 1066 Nicaeae
895 1033 931 1066 in
951 1034 1089 1068 Pontica
1108 1033 1250 1068 dioecesi
1269 1035 1458 1071 ordinavit:
1485 1033 1593 1072 refert
1617 1037 1710 1072 enim

90 1081 250 1115 <Socrates
268 1079 328 1114 lib.
353 1093 385 1124 7.
404 1092 431 1116 c.
451 1092 508 1123 25⁴
528 1092 606 1114 eum
627 1079 815 1115 ordinandi
833 1079 986 1127 episcopi
999 1082 1093 1116 caula
1117 1083 1280 1117 Nicaeam
1306 1083 1437 1119 venisse.

196 1130 293 1164 Idem
315 1129 557 1175 Philippopoli
576 1130 611 1163 in
629 1129 780 1164 Thracia
805 1141 838 1164 et
865 1130 1006 1165 Tro-ade
1030 1129 1226 1176 episcopum
1256 1132 1439 1180 Sylvanum
1463 1133 1644 1180 praefecit,
1672 1144 1711 1171 ut

97 1176 188 1213 testis
208 1178 253 1212 est
270 1178 361 1212 idem
382 1178 464 1213 ibid.
482 1190 555 1222 cap.
577 1189 654 1220 37„
681 1178 841 1220 idemque
864 1183 1018 1223 Agapeto
1043 1180 1281 1225 Synnadorum
1303 1182 1486 1229 episcopo,
1514 1185 1574 1228 qui
1590 1184 1709 1221 Theo-

96 1225 229 1261 dofium
259 1225 459 1272 episcopum
485 1224 634 1271 ejusdem
666 1225 762 1258 urbis
796 1225 987 1270 expulerat,
1024 1225 1158 1265 scribit,
1197 1238 1234 1261 ut
1267 1231 1502 1275 episcopatum
1528 1233 1706 1273 retineret.

94 1275 244 1320 huicque
261 1273 461 1321 persuadet,
488 1285 526 1308 ut
544 1271 716 1319 repulsam
733 1273 819 1308 hanc
833 1275 1003 1319 patienter
1021 1271 1144 1312 ferret,
1171 1274 1246 1320 lege
1261 1278 1355 1312 Socr.
1375 1278 1433 1314 lib.
1452 1291 1483 1323 7.
1503 1291 1530 1315 c.
1553 1291 1584 1323 3.
1608 1280 1706 1316 Sisin-

93 1325 172 1359 nius
190 1326 294 1360 Attici
314 1322 476 1359 successor
494 1332 622 1358 mortuo
638 1324 883 1370 Cyzicenorum
901 1326 1048 1371 epzfiopo
1067 1325 1216 1359 Proetum
1234 1325 1327 1361 urbis
1345 1329 1437 1362 illius
1454 1329 1636 1376 antistitem
1648 1342 1707 1365 ,or-

87 1374 242 1410 dinavit,
295 1373 365 1409 Sed
383 1373 459 1409 dum
477 1374 535 1408 ille
549 1384 584 1408 eo
607 1373 853 1419 profeHionem
877 1382 1037 1421 pararet,
1063 1383 1323 1420 praevertentes
1347 1387 1418 1412 eum
1437 1379 1598 1425 Cyziceni
1619 1379 1706 1414 Dat-

85 1427 229 1459 matium
247 1423 419 1472 quemdam
445 1422 638 1468 monasticae
658 1422 872 1470 profeffionis
896 1426 1011 1458 virum
1039 1425 1223 1470 episcopum
1240 1424 1309 1470 fibi
1330 1427 1582 1473 constituerunt.
1634 1430 1703 1464 His

90 1472 206 1508 verbis
225 1473 260 1507 id
286 1470 416 1508 fastum
436 1483 549 1507 narrat
566 1473 718 1506 Socrates
737 1470 797 1506 lib.
818 1484 849 1515 9.
879 1483 905 1507 c.
937 1479 994 1512 28.
1020 1472 1148 1507 addens
1172 1485 1346 1519 praeterea
1371 1476 1410 1511 id
1428 1475 1469 1511 ab
1487 1478 1550 1511 illis
1565 1478 1703 1524 fufium

91 1531 278 1569 contempta
297 1525 373 1571 lege
391 1547 399 1563 ,
428 1535 491 1569 qua
503 1523 670 1567 sancitum
687 1520 748 1565 est.
774 1532 816 1555 ne
830 1531 967 1566 praeter
976 1523 1180 1567 sententiam
1198 1526 1346 1571 episcopi
1368 1526 1702 1573 Constantinopolita-

87 1575 128 1608 κε’
145 1597 153 1609 .
181 1573 252 1607 ulla
264 1571 332 1613 fiat
346 1571 533 1616 sacerdotis
552 1569 738 1604 ordinatio.
792 1570 898 1605 Porro
921 1572 1031 1619 legem
1055 1571 1147 1619 istam
1174 1573 1250 1608 ideo
1270 1575 1514 1623 neglexerunt,
1547 1576 1635 1623 quod
1649 1579 1701 1622 so-

87 1624 156 1657 lius
187 1622 300 1656 Attici
328 1623 491 1666 personae
509 1644 517 1659 ‚
556 1620 634 1653 haec
656 1622 905 1667 praerogativq
932 1621 1076 1667 concqffa
1101 1622 1292 1658 videretur:
1344 1625 1415 1659 Hic
1432 1624 1548 1659 videre
1566 1624 1612 1660 est
1629 1639 1699 1662 non

91 1669 198 1705 modo
223 1667 620 1714 Constantinopolitanos
639 1665 820 1714 episcopos
834 1668 884 1715 jus
904 1669 1177 1705 ordinandorum
1197 1673 1546 1720 metropolitanorum
1563 1676 1598 1709 in
1623 1676 1698 1712 Asia

89 1731 121 1755 et
141 1722 250 1754 Ponto
269 1717 328 1753 fibi
350 1717 546 1756 vindicasse,
576 1715 631 1751 sed
651 1728 683 1751 et
700 1716 808 1762 legem
840 1715 1018 1752 obtinuisse
1042 1718 1083 1753 ab
1104 1721 1334 1765 imperatore,
1362 1735 1403 1757 ne
1428 1723 1504 1768 quis
1526 1724 1698 1761 ordinare-

88 1780 146 1804 tur
161 1766 346 1814 episcopus
364 1779 498 1814 praeter
515 1765 656 1801 illorum
672 1765 872 1802 sententiam
885 1792 894 1805 ‚
923 1780 988 1812 qua
1006 1767 1079 1813 lege
1095 1765 1176 1803 freti
1201 1770 1368 1819 simpiices
1391 1772 1570 1819 episcopos
1596 1777 1698 1812 etiam

82 1817 247 1854 ordinare
265 1819 374 1852 conati
393 1815 470 1852 sunt
488 1829 495 1850 :
524 1815 580 1851 sed
605 1829 673 1850 non
691 1829 820 1862 paucos
840 1815 926 1852 nac'ii
946 1816 1020 1852 sunt
1038 1816 1258 1857 adversarios.
1310 1826 1340 1857 A
1357 1822 1480 1857 Proclo
1505 1823 1697 1861 Constanti-

83 1867 293 1914 nopolitano
311 1865 520 1902 Thalassium
538 1864 792 1901 caesareensem
811 1867 1007 1914 episcopum
1031 1867 1230 1904 ordinatum
1248 1869 1330 1909 esse,
1346 1870 1451 1907 refert
1464 1875 1617 1908 Socrates
1634 1874 1694 1910 lib.

85 1929 119 1962 7.
137 1929 163 1951 c.
182 1924 240 1960 48.
257 1942 266 1956 ,
294 1929 403 1961 quum
423 1914 672 1957 Caesarecnses,
701 1928 842 1952 mortuo
865 1918 1002 1958 Firmo,
1031 1915 1366 1965 Constantinopolim
1389 1920 1548 1958 venissent
1571 1923 1696 1970 episco-

84 1979 173 2015 pum
193 1964 409 2012 postulantes.
462 1964 559 2000 Idem
587 1964 727 2000 Procius
752 1971 967 2015 Ancyranum
985 1965 1183 2012 episcopum
1206 1970 1391 2011 ordinavit,
1426 1982 1466 2007 ut
1490 1971 1634 2009 habetur
1658 1975 1694 2009 in

21 2016 24 2019 ’
83 2028 180 2052 conc.
204 2015 408 2051 Chaicedon.
429 2012 493 2050 agi.
519 2018 575 2050 16.
594 2015 657 2050 col.
681 2022 764 2061 817.
816 2020 865 2051 lta
882 2015 1044 2062 paulatim
1065 2014 1462 2065 constantinopolitanus
1480 2022 1616 2058 antistes
1631 2036 1694 2069 pa-

83 2065 311 2101 triarcharum
329 2066 364 2100 in
383 2064 493 2100 Asiam
511 2076 542 2099 et
562 2067 708 2100 Pontum
728 2066 804 2113 jura
824 2064 958 2103 invafit‚
986 2078 1072 2111 quae
1089 2067 1236 2103 concilio
1259 2068 1522 2106 Chalcedonenfi
1540 2073 1693 2119 impera-

83 2113 249 2160 toriisque
272 2112 390 2149 edistis
416 2113 478 2149 fibi
496 2112 694 2150 confirmari
709 2117 849 2151 curavit.
901 2117 1036 2150 Mirum
1056 2117 1179 2151 etenim
1199 2116 1244 2152 est
1259 2144 1269 2159 ‚
1305 2131 1471 2164 quantum
1503 2122 1534 2156 ei
1566 2122 1691 2158 detule-

84 2167 154 2200 rint
181 2163 473 2200 Cha-lcedonenses
498 2175 631 2210 patres,
660 2163 752 2200 forte
774 2178 812 2201 ut
836 2166 1052 2211 imperatoris
1071 2165 1238 2204 voluntati
1257 2180 1388 2206 morem
1405 2181 1582 2219 gererent,
1607 2171 1691 2221 ejus-

85 2223 151 2259 que
164 2214 290 2251 >urbem
313 2213 507 2262 inssgnibus
527 2213 732 2261 quibusdam
752 2215 950 2264 privilegiis
969 2226 1142 2252 ornarent.

896 2316 928 2352 F
1340 2313 1343 2315 ’
1563 2318 1642 2362 Αἲξ.
