2022 2733
262 180 769 219 DIS-SERTATIONES'
819 179 1158 219 HISTORICAE.
1210 182 1448 219 stssrtriiv'.
1552 180 1627 227 2'69‘

61 271 112 307 mi
131 269 309 318 pontifices
328 269 360 306 se
380 270 412 306 se
430 270 547 317 paffim
565 283 734 307 canonum
753 282 976 315 exequutores
995 269 1058 305 effe
1076 270 1270 316 perhibent,
1290 283 1321 307 et
1337 272 1360 306 fi
1379 273 1438 316 qui
1456 271 1584 317 ubique
1603 282 1676 307 ter-

57 333 176 356 rarum
212 319 315 356 fidem
342 333 398 355 aut
426 320 636 367 disciplinam
665 319 911 356 ecclesiasticam
937 319 1126 355 canonibus
1152 319 1312 356 sancitam
1341 320 1534 362 violassent,
1561 320 1671 356 statim

58 370 218 405 adversus
241 382 298 405 eos
315 371 421 415 primi
442 370 680 416 insurgebant,
709 382 740 405 et
755 369 882 413 malum
903 370 938 404 in
959 369 1034 416 ipso
1052 370 1192 404 exordio
1210 372 1388 406 autoritate
1406 370 1492 406 sedis
1510 370 1672 417 apostoli-

58 431 128 456 cae,
146 418 169 454 fi
192 417 268 454 fieri
289 417 410 464 posset,
437 419 721 466 comprimebant.
776 422 822 453 At
839 418 860 453 fi
881 420 1085 465 pertinacius
1101 418 1177 453 esset
1193 420 1339 460 malum,
1367 432 1428 455 nec
1456 432 1561 455 tantae
1585 419 1677 454 sedis

57 468 187 516 judicio
203 467 312 514 puiset
332 469 476 504 omnino
498 469 650 514 extingui
667 468 711 502 ob
733 469 980 502 contumaciam
1006 467 1256 504 haereticorum
1284 469 1338 503 vel
1365 468 1669 510 schismaticorum,

57 529 138 553 eum
162 517 287 553 necesse
307 516 345 553 fit
369 518 486 552 hocin
512 517 586 552 casu
606 516 792 551 concilium
815 516 974 560 generale
998 516 1193 550 universam
1220 517 1389 552 ecclesiam
1415 517 1668 562 repraesentans

57 569 275 613 congregari,
329 579 430 602 nemo
453 566 609 600 dubitare
626 563 751 610 potest,
779 565 863 608 quin
893 563 1037 598 secundo
1061 563 1140 599 loco
1158 566 1332 600 Romanus
1356 565 1514 611 pontifex
1533 568 1568 600 vi
1600 568 1670 612 pri-

57 628 171 652 matus
191 615 239 651 [υἱ
256 617 409 662 potuerit
425 615 467 649 ad
489 613 689 662 hujusmodi
707 613 888 649 concilium
907 612 1088 659 episcopos
1107 624 1313 654 convocare,
1341 625 1380 649 ut
1405 611 1578 649 infallibili
1598 615 1669 661 ejus

55 668 253 702 autoritate,
282 662 508 699 controverfia
524 664 770 698 terminaretur.
825 665 954 697 Verum
972 661 1132 707 equidem
1150 662 1194 697 est
1202 664 1326 708 ,prima
1344 663 1486 698 concilia
1504 664 1672 709 generalia

55 709 96 750 ab
113 713 374 760 imperatoribus
389 712 456 748 <effe
476 723 665 754 convocata,
694 711 750 747 sed
769 711 864 757 saepe
882 710 1013 758 saepius
1028 712 1251 757 imperatores
1269 712 1307 748 id
1321 710 1478 748 fecerunt
1493 712 1535 747 ad
1551 725 1669 759 preces

53 767 289 800 Romanorum
310 761 515 809 pontificum
526 787 536 800 ,
562 763 622 807 qui
646 774 687 797 eo
702 761 931 802 recurrebant,
945 772 982 796 ut
998 760 1130 797 facilius
1147 773 1184 796 ac
1200 762 1401 808 promptius
1418 762 1568 808 episcopi
1589 775 1670 797 con·

54 812 358 860 gregarentur‚sed
374 812 517 847 dubium
536 811 597 846 effe
610 824 678 847 non
695 810 812 858 potest,
832 812 915 856 quin
936 810 995 845 ubi
1013 810 1092 846 fidei
1111 811 1165 845 vel
1186 809 1381 858 disciplinae
1397 811 1589 858 periculum
1607 813 1670 848 im-

54 864 180 903 minet,
209 874 270 897 nec
289 862 356 909 jam
374 863 476 897 unius
496 863 641 897 Romani
659 859 833 908 pontificis
852 861 1013 895 autoritas
1033 860 1076 895 ad
1090 862 1352 906 comprimenda
1368 860 1518 896 ecclesiae
1540 860 1670 896 diffidis

52 910 195 951 sufficit,
238 911 399 952 dubium,
433 913 584 957 inquam,
603 923 671 946 non
687 910 742 948 est,
767 911 852 955 quin
874 910 937 945 hoc
958 911 991 944 in
1015 909 1090 944 casu
1115 914 1289 945 Romanus
1316 910 1474 957 pontifex
1500 909 1668 947 classicum

53 973 177 996 canere
195 959 315 1006 poffit‚
368 977 399 994 et
417 962 450 994 vi
470 961 636 1006 primatus
652 960 700 995 sui
717 958 856 995 cunstos
879 958 1057 1005 episcopos
1077 959 1117 993 ad
1138 959 1306 1006 synodum
1325 959 1517 1005 generalem
1532 972 1664 1001 vocare,

53 1020 154 1054 atque
170 1010 206 1043 in
227 1014 302 1046 eos‚'
315 1009 337 1043 fi
363 1009 512 1055 legitime
531 1010 641 1044 vocati
658 1007 765 1043 adeffe
781 1010 968 1049 renuerint,
986 1008 1076 1044 velut
1099 1009 1135 1043 in
1159 1007 1309 1044 ecclefiae
1332 1010 1517 1044 desertores
1535 1021 1668 1044 excom-

54 1059 299 1095 municationis
325 1055 416 1092 ferre
445 1057 652 1094 sententiam.
1307 1094 1310 1097 ,

51 1138 57 1143 .
206 1108 331 1142 Tertio
350 1107 425 1142 licet
443 1108 590 1143 Romani
609 1105 788 1155 pontificis
808 1106 1021 1143 definitiones
1041 1107 1082 1142 de
1102 1105 1167 1141 fide
1185 1117 1218 1141 et
1236 1105 1394 1142 moribus
1414 1118 1484 1142 non
1503 1105 1568 1141 fint
1591 1118 1669 1141 om.-

52 1157 139 1192 nino
154 1156 372 1197 ,infa.11ibiles‚
400 1155 479 1190 sunt
496 1168 605 1190 tamen
626 1156 742 1200 magni
759 1157 849 1201 apud
869 1169 990 1191 omnes
1006 1158 1173 1191 momenti
1194 1167 1225 1191 et
1241 1155 1429 1191 universam
1447 1155 1597 1202 spefflant
1615 1167 1669 1190 ec.

54 1204 196 1240 cleflam.
250 1209 362 1249 Atque
385 1206 466 1238 hinc
483 1204 629 1249 singulae
648 1205 811 1248 privatim
832 1204 984 1238 ecclefiae
1004 1217 1162 1249 magnam
1190 1205 1260 1250 ejus
1288 1204 1541 1240 definitionibus
1569 1217 1665 1239 reve-

53 1256 196 1290 rentiam
213 1253 381 1300 praestare
400 1252 538 1292 debent,
568 1264 627 1286 nec
645 1250 780 1297 possunt
796 1263 864 1296 pro
883 1252 983 1287 libito
1000 1265 1056 1286 eas
1071 1253 1122 1285 vel
1140 1263 1359 1287 contemnere
1382 1254 1437 1287 vel
1462 1254 1615 1300 rejicere.

45 1337 51 1345 ,
117 1342 119 1344 ,
204 1306 357 1346 Quarto,
402 1301 479 1336 licet
505 1305 678 1337 Romanus
704 1299 862 1346 pontifex
890 1310 958 1336 non
988 1300 1027 1335 fit
1060 1300 1149 1335 solu-s
1177 1302 1332 1335 omniurn
1360 1302 1669 1337 controversiarum

54 1352 173 1401 judex,
227 1351 304 1387 sunt
325 1363 437 1386 tamen
463 1350 533 1397 ejus
562 1351 743 1397 praecipue
768 1350 803 1384 in
828 1350 1011 1398 judicando
1038 1361 1161 1397 partes,
1181 1362 1244 1384 nec
1268 1349 1451 1395 quidquam
1475 1352 1510 1385 in
1537 1349 1670 1386 ecclefia

49 1403 175 1449 ,magni
194 1402 360 1438 momenti
383 1399 522 1436 definiri
533 1413 594 1446 par
612 1399 674 1437 est,
703 1399 795 1444 quod
812 1412 882 1435 non
899 1400 940 1434 ad
959 1399 1074 1446 ipsum
1092 1399 1268 1439 referatur,
1280 1400 1333 1434 vel
1352 1400 1394 1435 de
1417 1413 1487 1446 quo
1503 1412 1572 1436 non
1588 1412 1667 1435 con-

46 1450 198 1500 sulatum
246 1454 431 1486 Innumera
447 1448 525 1484 sunt
544 1449 711 1495 ejusmodi
726 1449 933 1485 relationum
953 1460 985 1484 et
1007 1449 1312 1487 consultationum,
1337 1461 1375 1485 ut
1393 1451 1439 1486 ita
1458 1451 1594 1496 loquar,
1615 1461 1668 1484 ex-

56 1501 186 1548 empla,
214 1513 299 1545 quae
314 1500 392 1535 alias
411 1498 605 1537 retulimus,
636 1509 697 1531 nec
714 1497 769 1531 hic
789 1510 941 1544 repetere
960 1498 1086 1534 necesse
1105 1499 1160 1535 est.

205 1551 358 1592 Quinto,
383 1548 538 1592 theologi
565 1544 670 1580 nostri
695 1544 827 1580 censent
846 1550 1039 1584 Romanum
1063 1548 1264 1595 pontificem
1287 1564 1306 1586 a
1321 1549 1453 1598 legibus
1473 1563 1491 1585 a
1509 1548 1668 1585 conciliis

58 1601 158 1634 etiam
176 1598 386 1643 generalibus
401 1597 476 1631 latis
501 1595 672 1642 sapienter
697 1594 887 1640 dispensare
904 1596 997 1641 poffe
1020 1610 1059 1633 eo
1084 1600 1118 1633 in
1146 1600 1231 1642 casu,
1258 1613 1328 1646 quo
1343 1600 1526 1637 concilium
1547 1597 1664 1645 ipsum

56 1647 280 1693 dispensaret,
302 1659 364 1682 nec
383 1659 451 1681 non
468 1645 656 1692 agnoscunt
673 1642 786 1690 ipsum
810 1645 900 1690 leges
918 1647 1088 1690 generales
1106 1648 1203 1693 poss'e
1217 1650 1365 1685 condere
1381 1661 1412 1685 et
1435 1652 1498 1686 toti
1515 1646 1667 1683 ecclefiae

54 1696 279 1732 observandas
296 1694 568 1742 proponere7sed
586 1706 672 1739 quae
685 1695 756 1728 vim
773 1693 923 1735 habeant,
936 1695 998 1730 nifi
1015 1695 1077 1731 {int
1095 1699 1332 1745 promulgatae
1352 1710 1383 1734 et
1397 1710 1551 1746 receptae
1569 1708 1663 1732 com-

54 1747 152 1782 muni
169 1746 324 1780 omnium
341 1744 514 1780 consensu.

200 1797 308 1835 Sexto,
327 1795 421 1842 ajunt
439 1795 586 1842 πςοὲδριοιν
604 1794 637 1828 in
658 1793 807 1828 conciliis
826 1792 887 1839 ipsi
905 1794 1041 1839 quidem
1058 1808 1096 1831 ex
1113 1796 1344 1832 convenientia
1361 1797 1489 1836 deberi,
1517 1795 1572 1830 sed
1591 1806 1664 1830 non

53 1858 92 1881 ex
111 1842 312 1884 necestitate,
338 1844 617 1888 quandoquidem
638 1841 746 1877 tribus
764 1842 887 1889 primis
905 1844 1058 1879 conciliis
1079 1847 1295 1890 generalibus
1321 1859 1390 1882 non
1408 1844 1576 1894 praefuit,
1604 1857 1659 1878 ne-

24 1902 28 1904 *
53 1906 134 1942 gant
147 1906 253 1941 porro
271 1893 366 1930 illum
385 1891 445 1927 effe
461 1893 561 1939 supra
573 1892 726 1938 concilia,
744 1905 800 1927 aut
817 1906 834 1927 a
850 1894 982 1928 nemine
996 1894 1255 1942 judicaripoffe‚
1265 1897 1350 1942 quin
1366 1898 1437 1932 imo
1452 1896 1663 1932 contrarium

55 1943 179 1980 diserte
197 1942 364 1980 affirmant
381 1953 412 1977 et
429 1943 577 1988 probant
601 1955 637 1976 ex
655 1941 809 1988 ipsorum
826 1942 1031 1988 pontificum
1056 1945 1233 1992 exemplis.
1582 1943 1583 1947 ’

134 2001 136 2003 ·
201 1993 374 2038 Septimo,
401 1991 624 2038 probavimus
648 1993 682 2026 in
704 1990 931 2027 dissertatione
949 1994 1164 2039 praece-denti
1189 1995 1243 2043 jus
1267 1995 1523 2032 ordinationum
1546 1995 1666 2041 ponti3

12 2040 16 2043 “
54 2042 152 2080 ficem
171 2054 238 2078 non
258 2041 407 2076 habuisse
432 2053 522 2076 extra
538 2041 786 2088 patriarchatus
811 2040 860 2076 sui
882 2042 1016 2079 limites.

205 2089 355 2132 ogiam,
399 2090 600 2137 pontificem
627 2089 843 2126 infallibilem
879 2089 940 2126 effe
967 2102 1111 2139 negant,
1144 2105 1186 2133 et
1212 2093 1252 2129 de
1278 2092 1370 2130 facto
1397 2094 1514 2141 plures
1540 2091 1662 2128 errasse

51 2141 269 2177 contendunt.
1003 2140 1006 2143 ’

199 2193 326 2230 Nono,
369 2189 577 2224 contendunt
596 2188 706 2237 ipsum
733 2190 958 2226 oecumenicis
974 2191 1128 2228 conciliis
1149 2192 1353 2229 inferiorem
1377 2191 1440 2228 effe
1459 2203 1490 2229 et
1510 2191 1550 2226 ab
1575 2190 1660 2238 ipsis

51 2238 198 2286 judicari
212 2250 249 2274 ac
271 2239 397 2287 deponi
413 2237 521 2287 posse„

102 2314 110 2317 -
853 2290 882 2324 L
905 2288 917 2323 l
970 2300 994 2334 3.
1448 2290 1611 2328 Decima
