2001 2733
290 203 796 242 DISSERTATIONES
823 205 1193 246 HISTORICAE.
1226 210 1387 249 nissen.
1412 212 1491 250 VII.
1591 226 1673 261 451,

93 291 265 342 relapsum
281 307 320 330 ac
337 305 523 341 propterea
544 294 718 340 privatum
738 308 845 341 regno
864 298 1056 338 Navarrae,
1093 298 1235 344 aliisque
1261 303 1393 348 regnis,
1421 304 1518 347 'quae
1543 302 1605 349 ipsi
1629 303 1707 350 jure

86 355 284 391 competere
302 343 456 391 possent,
484 355 542 378 aut
562 342 706 380 successu
724 347 890 390 temporis
910 346 1077 381 accedere.
1130 350 1238 397 Cujus
1264 350 1376 386 bullae
1402 352 1545 388 obtentu
1573 353 1708 398 Grego-

86 397 158 430 rius
175 397 266 430 xiv.
296 393 533 439 Hispanorum
555 390 695 429 fastieni
713 393 828 429 favens
848 396 880 429 in
897 397 1093 431 Henricum
1114 400 1276 435 Franciae
1301 401 1454 447 primum
1480 413 1598 448 regem
1617 414 1707 436 anno

90 456 196 488 1591.
217 443 396 479 universos
415 455 482 478 tam
504 443 597 481 laici,
627 455 729 488 quam
750 443 955 478 ecclesiastici
981 444 1111 480 ordinis
1139 450 1288 484 Francos
1319 452 1460 485 excitare
1484 461 1622 487 conatus
1647 449 1705 486 est.

85 495 131 529 Et
152 492 251 528 miffo
269 495 304 527 in
322 493 471 528 Galliam
490 491 686 527 Landriano
713 495 856 533 nuntio,
885 505 962 528 cum
983 494 1113 530 duabus
1141 496 1261 535 bullis,
1300 511 1445 544 quatum
1472 500 1574 535 altera
1601 499 1707 533 eccle.

85 540 231 579 fiasticos
251 540 483 588 suspensione,
511 540 614 575 altera
629 541 731 576 laicos
751 544 1104 578 excommunicatione
1122 543 1284 586 feriebat,
1314 547 1337 582 fi
1357 549 1512 583 Henrico
1534 550 1594 582 lV.
1624 547 1707 582 obe-

86 592 249 627 dientiam
267 589 472 638 praestarent
492 601 523 624 et
549 601 625 623 eum
651 602 718 634 pro
741 603 822 634 rege
849 590 1080 634 agnoscerent.
1134 597 1179 628 At
1206 596 1298 630 Galli
1325 596 1504 631 consilium
1530 595 1705 642 pontificis

87 641 236 677 detestati
256 640 361 675 bullas
381 639 455 673 istas
473 636 767 684 proscripserunt,
797 649 829 672 et
851 639 892 672 iis
912 651 981 673 non
1000 638 1210 676 obstantibus
1228 646 1420 679 Henricurn
1433 648 1492 682 IV,
1511 645 1704 690 legitimum

86 701 120 725 et
135 702 283 734 aequum
307 689 404 733 regni
422 687 621 724 haeredem,
649 699 685 722 ut
704 699 819 733 regem
837 686 1025 724 coluerunt.
1078 691 1120 725 Et
1138 691 1279 734 quidem
1299 693 1408 728 clerus
1429 694 1622 729 Gallicanus
1645 708 1703 732 21,

86 737 296 785 Septembris
317 749 407 771 anno
432 749 536 781 1591.
590 738 732 771 Carnuti
749 748 975 782 congregatus
993 737 1175 774 declaravit
1191 741 1264 775 illas
1292 744 1501 778 monitiones
1514 768 1523 781 ‚
1558 744 1704 778 interdi-

87 786 237 828 Chones,
292 785 523 831 suspensiones
555 796 586 819 et
613 786 977 820 excommunicationes
995 786 1190 831 pontificias
1216 789 1326 825 nullas
1344 790 1405 826 esse
1424 803 1455 826 et
1473 793 1605 830 irritas,
1633 804 1705 829 tam

90 836 276 873 secundum
297 836 493 871 materiam,
522 846 623 878 quam
644 833 828 869 secundum
848 833 1016 875 formam,
1044 837 1221 882 vetuitque
1241 851 1296 872 eas
1324 841 1359 874 in
1378 847 1488 886 'regno
1505 842 1719 888 promulga-“

88 888 138 927 ri,
165 897 222 921 aut
240 884 381 931 alicujus
399 882 589 918 autoritatis
615 882 749 922 haberi,
802 882 905 927 idque
930 896 993 929 per
1017 883 1144 919 litteras
1170 887 1326 923 universo
1356 901 1465 934 regno
1490 890 1699 937 significavit.

87 938 127 972 In
141 948 201 973 >eas
221 935 351 980 pariter
367 931 433 967 suis
455 932 597 968 decretis
617 932 840 967 intonuerunt
857 945 988 973 earum,
1027 934 1061 967 in
1081 934 1205 979 quibus
1223 936 1538 980 disseminabantur,
1555 942 1701 986 provin-

87 987 218 1021 ciarum
235 983 387 1028 supremi
404 980 554 1022 senatus,
583 992 723 1026 totaque
740 982 920 1016 exhorruit
938 982 1068 1022 Gallia,
1094 995 1169 1019 curn
1187 985 1222 1020 id
1245 997 1409 1022 tentatum
1435 988 1579 1023 audivit.
1631 991 1703 1024 Ni-

88 1034 277 1070 hilominus
297 1043 408 1066 tamen
428 1029 586 1077 pontifex
597 1031 677 1065 alias
695 1031 822 1066 litteras
849 1030 939 1066 misit
962 1031 1003 1066 ad
1030 1033 1234 1069 cardinalem
1264 1036 1515 1075 Placentinum,
1568 1048 1607 1072 ut
1636 1039 1702 1073 ele-

88 1081 194 1118 aioni
212 1082 301 1128 regis
318 1082 353 1115 in
372 1081 500 1120 Gallia,
529 1080 619 1125 quasi
645 1093 728 1115 vero
753 1092 896 1125 regnum
921 1092 1071 1119 vacaret,
1106 1081 1288 1121 intereffer.
1342 1089 1416 1121 Has
1441 1085 1588 1133 jassitare
1615 1086 1702 1124 ausi.

88 1133 150 1177 qui
168 1143 240 1167 tum
258 1130 391 1166 Parisiis
407 1129 548 1164 rebelles
571 1141 684 1167 erant,
735 1142 856 1164 verum
881 1143 951 1165 non
978 1129 1187 1167 obstantibus
1215 1131 1369 1169 infaustis
1395 1135 1483 1170 hisce
1504 1136 1700 1176 conatibus,

88 1177 262 1218 Henricus
286 1182 346 1214 IV.
366 1177 542 1214 rebellium
561 1180 716 1214 omnium
735 1178 847 1214 vietor
866 1180 995 1214 Galliae
1015 1193 1070 1214 rex
1086 1181 1263 1227 legitimus
1291 1183 1331 1218 ab
1349 1185 1510 1219 omnibus
1536 1184 1581 1219 est
1605 1186 1700 1230 agni-

87 1243 162 1270 tus,
190 1232 291 1264 etiam
310 1241 487 1273 antequam
506 1226 688 1274 pontifices
705 1228 760 1263 illa
788 1229 917 1263 decreta
941 1229 1156 1265 revocassent.
1209 1233 1260 1267 Sic
1288 1233 1483 1268 universitas
1510 1233 1701 1268 Parifiensie

86 1292 178 1316 anno
201 1290 305 1322 1594.
325 1278 378 1312 die
399 1290 454 1313 22.
475 1277 624 1323 Aprilis,
677 1291 754 1313 eum
778 1290 843 1323 pro
867 1278 1023 1323 legitimo
1049 1290 1080 1313 et
1097 1293 1178 1315 vero
1198 1293 1278 1327 rege
1297 1281 1491 1317 habendum
1511 1281 1571 1316 esse
1590 1284 1703 1317 decre-

88 1331 156 1364 vit:
183 1328 338 1373 Etianfi,
367 1328 500 1371 inquit,
528 1327 626 1372 hostes
641 1331 759 1375 regni,
789 1336 822 1362 et
839 1328 970 1374 fafr'iofi
986 1329 1128 1362 homines
1145 1331 1246 1375 usque
1263 1330 1360 1364 hodie
1386 1331 1592 1376 obstiterint,
1630 1343 1702 1366 eum

89 1378 227 1414 admitti
245 1375 473 1422 afiznffiffima
485 1376 580 1419 sede,
609 1384 642 1408 et
658 1379 792 1423 agnosci
805 1385 969 1423 tamquam
983 1375 1095 1416 filium
1113 1376 1195 1411 bene
1222 1380 1399 1414 meritum:
1430 1378 1599 1424 speciatim
1621 1393 1705 1422 vem

87 1424 230 1463 facultas
256 1423 449 1469 theologiae
484 1426 540 1458 16.
570 1434 602 1458 et
628 1435 684 1458 21.
737 1424 928 1464 Januarii,
964 1422 1062 1459 simul
1091 1435 1168 1460 cum
1194 1427 1353 1472 parochis
1374 1429 1407 1462 in
1425 1427 1702 1474 archiepiscopali

90 1476 196 1512 domo
216 1484 420 1518 congregata
444 1471 593 1506 decrevit
611 1471 751 1507 cuneios
771 1473 879 1506 teneri
895 1474 930 1506 in
951 1472 1042 1507 missa
1063 1473 1200 1518 publice
1219 1489 1339 1521 rogare
1357 1490 1423 1523 pro
1443 1480 1598 1513 Heni-ico
1620 1490 1704 1513 tam-

91 1537 193 1571 quam
213 1535 279 1569 pro
297 1533 375 1566 rege
393 1520 574 1554 Gallorum
586 1544 594 1559 ,
622 1530 654 1553 et
669 1521 799 1554 nemini
814 1520 916 1555 licere
934 1520 993 1555 sub
1010 1523 1187 1566 religionis
1204 1525 1344 1561 obtentu
1370 1526 1430 1572 ipsi
1459 1528 1525 1562 vim
1553 1526 1702 1568 inserte,

89 1586 148 1611 aut
166 1572 266 1620 hujus
283 1571 332 1605 rei
351 1568 526 1605 consilium
554 1567 644 1602 dare.
699 1570 877 1613 Rogarunt
899 1568 1124 1605 nihilominus
1146 1585 1280 1617 regem,
1317 1586 1354 1609 ut
1380 1577 1530 1610 mitteret
1556 1579 1703 1612 Romam

90 1624 238 1669 legat05‚
267 1632 335 1654 non
353 1630 390 1653 ut
406 1616 703 1653 confirmationem
724 1619 835 1662 regiae
853 1617 1040 1652 autoritatis
1059 1621 1241 1668 acciperet,
1270 1621 1322 1656 sed
1347 1623 1388 1657 ad
1405 1625 1579 1659 vitandum
1607 1625 1705 1660 schis-

93 1685 160 1708 ma.
213 1674 385 1706 Romanae
402 1665 552 1703 ecclesiae
567 1678 640 1702 turn
658 1677 812 1712 praeerat
833 1666 990 1701 Clemens
1010 1666 1169 1709 ogiavus,
1198 1670 1256 1714 qui
1275 1672 1391 1706 mitem
1410 1685 1446 1707 ac
1465 1672 1651 1718 benignum
1664 1667 1705 1709 in*

95 1719 386 1768 regem'induerat
402 1719 566 1752 animum.
618 1715 669 1750 Ad
690 1716 779 1750 hunc
796 1717 937 1751 nomine
960 1716 1050 1761 regis
1068 1716 1154 1750 miffi
1170 1716 1245 1753 sunt
1260 1721 1446 1757 Petronius
1471 1734 1547 1756 cum
1569 1722 1700 1764 Osl'ato,

94 1773 156 1817 qui
175 1768 290 1816 postea
310 1766 494 1802 cardinales
514 1762 623 1800 fuere.
676 1766 703 1798 Ii
726 1765 869 1810 benigne
887 1778 904 1799 a
921 1764 1083 1810 pontifice
1099 1769 1242 1812 excepti,
1277 1780 1307 1802 et
1332 1771 1365 1802 in
1385 1771 1605 1806 cardinalium
1623 1785 1702 1807 con-

90 1819 177 1856 sessu
196 1818 402 1853 declaratum
422 1814 467 1850 est
484 1815 556 1859 regi
575 1815 839 1859 impertiendum
861 1812 923 1848 esse
940 1813 1163 1849 absolutionis
1182 1816 1395 1854 beneficium.
1448 1823 1578 1855 Verum
1598 1822 1637 1855 de
1648 1823 1702 1856 ab·

92 1868 276 1906 solutionis
296 1865 412 1901 forma
436 1864 477 1898 lis
496 1876 565 1898 non
585 1865 725 1898 minima
745 1861 829 1900 fuit,
859 1876 933 1897 nam
953 1863 1032 1897 inde
1052 1866 1234 1900 Petronius
1261 1877 1292 1900 et
1318 1866 1450 1902 Ossatus
1475 1870 1508 1902 in
1538 1870 1702 1905 mandatis

91 1917 278 1956 habebant,
306 1927 344 1949 ut
366 1911 637 1949 benediffionem
656 1912 871 1958 apostolicam
892 1912 959 1946 fine
979 1912 1047 1947 ulla
1064 1912 1206 1949 honoris
1226 1926 1257 1949 et
1276 1915 1452 1962 majestatis
1472 1918 1560 1963 regis
1586 1918 1634 1953 sui
1665 1932 1704 1954 ae

94 1968 195 2014 regni
215 1966 343 2014 jurium
363 1963 489 2011 jastur'a
509 1963 709 1997 obtinerent.
762 1965 852 2007 Papa
872 1974 973 1999 vero,
1001 1973 1056 1996 aut
1075 1965 1192 2007 potius
1219 1965 1289 2011 ejus
1317 1966 1497 2001 consiliarii
1525 1970 1558 2001 in
1588 1970 1703 2004 animo

94 2016 263 2052 habebant
289 2027 306 2048 a
325 2026 404 2058 rege
423 2012 632 2047 conditiones
652 2024 863 2055 extorquere,
892 2011 1016 2055 quibus
1032 2011 1161 2056 aliquid
1173 2015 1364 2049 autoritatis
1379 2017 1410 2049 in
1423 2028 1520 2061 reges
1540 2011 1701 2059 regnunt-

94 2079 161 2112 que
177 2065 356 2100 Gallorum
369 2087 377 2099 ‚
405 2060 559 2107 pontifici
584 2060 754 2094 videretur
770 2059 923 2094 adscribi.
958 2101 963 2105 Ι
979 2063 1096 2104 Itaque
1115 2058 1372 2107 proposuerunt
1389 2065 1504 2110 primo
1524 2061 1704 2104 absolutio·

96 2128 174 2150 nem
191 2117 225 2149 in
244 2111 473 2157 inquisitionis
492 2110 653 2144 tribunali
671 2109 754 2143 fieri.
810 2109 941 2144 Deinde
956 2121 1037 2144 vero
1049 2110 1270 2146 absolutionis
1282 2112 1366 2148 hanc
1384 2115 1611 2150 conditionem
1624 2130 1704 2163 pro.

95 2163 305 2211 posuerunt,
358 2172 395 2195 ut
419 2161 507 2205 regis
534 2169 775 2205 procuratores
795 2170 955 2193 coronam
976 2160 1101 2204 regiam
1118 2161 1204 2195 inter
1222 2173 1343 2197 manus
1360 2163 1535 2209 pontificis
1555 2165 1704 2211 depone-

100 2222 187 2248 rent.
237 2215 339 2254 Quaev
359 2210 399 2244 ab
429 2222 468 2243 eo
495 2207 571 2254 post
590 2207 835 2242 absolutionem
863 2207 999 2242 alterius
1017 2220 1032 2241 e
1052 2208 1185 2244 duobus
1205 2212 1308 2256 capiti
1329 2213 1568 2259 imponeretur
1585 2216 1618 2248 in
1640 2215 1705 2261 sig.

99 2273 183 2299 num
200 2257 324 2296 ablatae
344 2271 375 2296 et
393 2257 560 2295 restitutae
579 2259 766 2295 autoritatis
785 2258 906 2303 regiae.
958 2257 1023 2342 {elci
1049 2269 1127 2293 cum
1147 2270 1336 2306 utrumque
1358 2274 1377 2298 a
1400 2262 1516 2309 legatis
1541 2262 1707 2310 rejestum

919 2308 947 2341 L
1032 2318 1051 2341 ²
1102 2312 1112 2318 ’
1566 2312 1659 2355 esset,
