2023 2760
416 212 944 250 PARAGRAPHORVM
978 214 1051 250 ET
1090 184 1368 253 CAPITVM
1594 218 1662 259 XV.

84 303 141 340 De
167 302 376 350 depositione
405 303 555 339 Vambae
577 306 671 352 regis
689 302 878 349 Htspania-
927 304 982 340 De
999 308 1143 391 tzzztatzs
1161 308 1197 341 in
1214 317 1312 354 reges
1321 304 1710 353 Francorumdepofitioff

137 366 229 389 rum.
791 363 875 396 405
978 367 1014 388 nt
1041 367 1077 389 us
1621 359 1712 398 446.

81 402 147 439 Da
164 403 337 451 Gregorii
366 402 508 447 fheundi
543 403 875 437 excommunicatione
925 403 980 439 De
993 405 1103 451 gestis
1110 404 1307 453 pontificum
1332 404 1492 450 adversus
1517 405 1713 453 Anglorum
1783 426 1787 430 ⁴

132 452 295 497 adversus
321 452 475 487 Leonem
492 453 659 497 Isaurum
789 462 873 495 407.
976 464 1087 500 reges.
1622 464 1709 498 453.

82 501 138 538 De
159 501 362 549 depofitione
388 501 573 538 Clzilderici
599 501 792 538 Galliarum
822 511 872 535 re·
923 501 1042 544 §.IV
1074 504 1132 539 De
1169 504 1300 538 concilii
1327 502 1543 550 Lateranens
1531 516 1558 538 5
1591 506 1713 552 quarti

135 554 206 600 gis.
783 561 826 592 41
839 561 868 584 1.
973 564 1097 588 canone
1119 561 1254 601 quarto.
1620 564 1707 598 457.

79 599 136 636 De
155 602 381 637 translatione
397 602 540 648 imperii
552 614 572 636 a
585 601 725 636 Graecis
734 599 780 634 ad
789 599 818 634 G
823 600 870 634 al·
922 600 1021 642 §.V
1049 601 1106 637 De
1133 602 1263 636 concilii
1289 600 1538 646 Constantienfis
1555 603 1591 636 in
1605 613 1710 648 prae.

134 651 191 690 Ios,
784 661 806 691 4
814 662 826 682 1
836 661 868 693 7.
964 653 1059 695 senti
1074 653 1208 699 negotio
1215 653 1406 695 sententiis.
1620 655 1667 692 46
1677 664 1708 686 1.

78 699 137 736 De
162 698 330 735 Ludovici
357 699 414 734 Pii
438 707 472 734 et
489 699 648 735 Letharii
669 699 868 734 exazlnora-
919 699 946 742 §.
974 701 1037 736 VI.
1065 699 1306 746 Respondetur
1330 698 1593 734 azzfforitatibus
1617 701 1708 735 theo-

132 748 292 784 tionibus.
778 759 865 790 420.
970 750 1118 797 logorum
1130 758 1163 785 et
1173 748 1415 795 canonistarum
1428 750 1613 785 recentium
1621 752 1707 791 464.

80 798 138 836 De
150 799 279 846 septem
291 798 469 833 elesiorum
487 798 707 845 institutione.
785 809 869 842 423.
920 798 947 841 §
976 801 1051 834 VII,
1078 799 1135 835 De
1154 798 1282 833 decreto
1288 799 1405 843 sacrae
1420 799 1707 843 facultatisPari-

79 848 137 885 De
158 856 293 884 tentata
317 860 337 882 a
365 848 536 896 Gregorio
555 849 697 894 septimo
713 846 758 882 H
760 858 870 883 enrici
959 847 993 894 s
993 849 1055 893 ens
1043 862 1070 885 s
1080 847 1241 892 adversus
1251 848 1441 883 Henricum
1451 851 1601 883 tertium.
1616 852 1703 891 465.

131 900 251 945 quarti
264 897 471 957 depositione.
783 909 869 942 429.
920 897 947 940 §.
976 897 1155 933 V111.De
1169 897 1307 942 censura
1325 899 1363 932 in
1379 895 1481 932 libros
1503 895 1705 932 libertatum

78 947 134 983 De
153 947 239 983 Otho
225 949 294 982 nis
324 950 442 993 quarti
459 946 572 995 depos
573 956 680 983 tione
782 958 866 992 435.
971 947 1172 982 Gallicanae
1191 946 1343 993 ecclefiae.
1612 949 1704 988 466.

83 996 141 1032 De
156 996 333 1032 Frederici
356 997 404 1032 ΙΙ.
444 997 553 1044 depos
541 1007 656 1032 none
783 1008 867 1041 437.
919 997 946 1038 ς.
974 995 1131 1033 ultimus.
1159 995 1231 1032 De
1257 997 1472 1034 immunitate
1496 995 1704 1033 clericorum.

75 1045 134 1084 De
151 1046 320 1081 Ludovici
339 1049 556 1092 imperatoris
573 1043 861 1081 exauefforatione.
1602 1048 1685 1086 467

777 1104 861 1134 442·
911 1092 1092 1140 Epilogus.
1607 1103 1698 1137 4742

202 1211 300 1247 Finis
325 1208 458 1247 tabulae
475 1208 670 1249 titulorum,
696 1207 989 1255 dissertationum,
1015 1207 1326 1256 paragraphorum
1352 1218 1386 1245 et
1407 1211 1573 1257 capitum.

1472 2303 1637 2341 Ammo„
