1982 2739
313 217 384 248 162
534 208 609 246 DE
633 203 909 251 ANTIQVA
931 203 1239 241 ECCLESIAE
1263 202 1597 240 DISCIPLINA

266 298 342 336 sum
360 297 546 334 Proculum
565 293 805 332 Maffiliensem
820 294 909 330 hanc
928 291 1132 328 calumniam
1146 290 1277 338 passum
1296 288 1360 325 esse
1386 289 1479 336 apud
1504 289 1736 326 Coelestinum
1761 290 1875 327 verifi-

265 349 347 385 mile
363 347 409 383 est
426 347 598 383 occasione
619 346 709 380 necis
726 344 895 381 Patrocli,
919 344 1010 388 quia
1024 342 1163 377 tribuno
1181 341 1328 386 quodam
1356 339 1503 375 barbaro
1518 341 1604 376 circa
1627 341 1703 376 haec
1721 352 1876 386 tempora

272 397 401 435 occistis
421 396 483 435 est,
500 397 542 431 ad
554 395 730 438 iuffionem
747 395 927 436 occultam;
945 404 982 428 ut
991 391 1137 441 Prosper
1154 390 1276 428 scribit,
1289 389 1410 425 Felicis
1426 388 1579 435 magistri
1597 391 1755 425 militum.
1785 392 1881 427 Haec

271 448 491 493 Quem-llius,
519 446 647 492 quibus
668 457 731 480 nos
746 444 905 480 addimus
922 455 993 477 non
1012 439 1122 477 solum
1138 454 1158 476 a
1176 439 1284 477 Gallis
1309 439 1447 474 Zozimi
1464 439 1631 486 judicium
1648 441 1683 474 in
1694 441 1879 476 Proculum

270 509 381 533 ratum
402 497 568 541 habitum·
581 507 653 530 non
671 493 735 529 effe
750 519 762 535 ,
788 492 845 528 sed
862 493 905 528 ab
922 490 1113 539 Augustino
1129 501 1161 525 et
1175 490 1249 524 aliis
1266 486 1379 529 Afris,
1392 488 1450 533 qui
1469 501 1560 523 anno
1575 488 1699 524 Christi
1718 502 1801 534 427.
1818 490 1882 524 mi.

268 546 388 583 serunt
403 547 445 581 ad
464 559 540 581 eum
559 544 715 579 libellum
730 541 943 578 retraEiionii
961 541 1100 588 Leporii
1119 539 1297 579 monachi,
1326 550 1499 582 tamquam
1517 539 1559 573 ad
1585 536 1788 586 episcopum
1816 537 1882 575 fra·

270 607 356 632 trem
382 607 415 631 et
432 595 675 630 communione
690 591 749 628 fibi
767 590 932 639 junsturn.
989 592 1085 634 Quin
1103 591 1204 624 etiam
1224 590 1464 637 Hieronymus
1483 600 1535 633 ep.
1556 587 1596 621 ad
1616 587 1789 624 Rusticum
1809 601 1882 624 ver-

270 645 326 682 sus
350 645 454 680 finem
472 643 656 680 Proculum
672 643 802 687 ubique
816 641 979 676 celebrem
997 637 1096 674 fuisse
1111 636 1300 679 attestatur,
1329 639 1459 684 quippe
1481 635 1620 672 Rustico
1638 638 1805 673 monacho
1828 638 1883 686 ju·

273 697 365 731 niori
385 697 642 740 Hieronymum
662 693 729 740 jam
748 690 915 726 seniorem
935 689 1124 724 consulenti
1143 689 1184 722 de
1201 687 1375 722 vitaesuae
1391 685 1610 721 instituendae
1624 689 1768 723 ratione.
1821 691 1882 724 Re-

270 745 417 792 spondet
435 740 799 789 Hieronymus3l1abes
817 740 887 786 istic
895 739 1047 784 sanffurn
1064 738 1337 785 dofflffimumque
1348 735 1624 784 pontificem‚quz’
1641 741 1724 772 viva
1738 748 1773 772 et
1783 748 1887 784 prae-

259 795 356 841 senti
374 806 451 828 voce
469 793 593 840 nostras
602 789 776 837 schedulas
787 791 929 835 superet
969 787 1221 835 uotidianisque
1240 785 1522 822 admonitionibus
1543 788 1611 820 iter
1629 796 1721 821 titum
1734 787 1882 834 dirigat,

271 856 311 879 ex
326 843 378 878 his
393 842 583 888 intelligere
609 838 673 881 est„
699 849 802 885 quam
828 838 928 884 parvi
942 800 1034 871 ilasta
1047 833 1155 871 fuerit
1171 834 1305 881 ubique
1328 835 1464 871 Zozimi
1480 835 1517 869 in
1545 835 1732 871 Proculum
1757 835 1888 871 senten-

272 903 331 928 tia.

426 940 549 974 Unum
566 936 610 971 ad
627 936 706 970 haec
722 938 846 981 Lupus
862 935 1003 981 reponit
1020 933 1214 969 Proculum>
1225 934 1377 979 graviter
1394 933 1551 978 equidem
1567 932 1715 980 peccasse
1730 945 1798 968 non
1827 946 1888 979 pa-

272 989 380 1027 rendo
396 987 531 1022 Zozimi
547 985 724 1025 mandat03
753 983 812 1018 sed
828 984 990 1019 eumdem
1010 983 1163 1028 deinceps
1180 982 1272 1028 apud
1287 984 1503 1029 Bonifacium
1530 983 1673 1030 questum
1690 983 1755 1028 effe
1772 983 1812 1016 de
1827 984 1890 1019 Zo-

271 1041 359 1075 zimi
368 1036 518 1083 judicio,
547 1033 741 1081 exposuiffe
754 1033 865 1077 causas
876 1034 959 1078 suae
977 1044 1041 1068 non
1068 1033 1327 1077 comparationis
1358 1041 1395 1066 et
1416 1032 1610 1079 impeti-affe
1632 1044 1698 1067 non
1719 1030 1892 1069 duntaxat

267 1090 333 1135 sui
344 1084 476 1134 gradus
496 1085 766 1130 reparationem,
784 1080 848 1127 sed
868 1083 1008 1129 insuper
1024 1080 1216 1130 dignitatis
1241 1082 1517 1127 metropoliticae.

422 1131 653 1179 Respondeo,
687 1131 772 1166 haec
797 1131 917 1166 omnia
940 1128 1006 1165 effe
1030 1129 1260 1165 commentitia
1288 1139 1321 1164 et
1354 1131 1463 1175 gratis
1486 1127 1643 1166 confista.
1692 1127 1892 1165 Bonifaciue

275 1187 366 1221 enim
384 1184 521 1218 Zozimi
539 1180 681 1227 quidem
699 1180 835 1214 decreta
859 1182 897 1215 in
914 1180 1059 1225 gratiam
1076 1177 1277 1214 Arelatensis
1302 1177 1473 1225 episcopis
1491 1177 1623 1214 rescidit
1638 1189 1672 1214 et
1685 1177 1771 1213 sedis
1787 1179 1891 1226 hujus

273 1232 512 1270 austoritatem
527 1244 546 1264 a
561 1230 709 1265 Zozimo
724 1228 949 1274 adprobatam
964 1228 1148 1262 imminuit.
1200 1231 1245 1261 At
1263 1226 1349 1260 nihil
1364 1226 1533 1272 speciatim
1543 1228 1592 1261 ‘de
1609 1228 1755 1262 Proculo
1775 1227 1891 1263 Maffi-

277 1282 375 1317 liensi
394 1280 499 1315 sanxit
513 1303 523 1316 ‚
549 1280 625 1312 imo
639 1275 770 1312 constat
787 1289 826 1310 ex
843 1274 988 1322 epistola
1003 1274 1189 1311 coelestini
1202 1272 1348 1308 adducta
1364 1273 1457 1310 hunc.-
1471 1273 1606 1322 semper
1621 1274 1773 1311 invisum
1787 1275 1890 1312 fuiss'e

274 1330 451 1370 Romanis.
841 1328 845 1331 '

426 1376 615 1412 Protulerat
638 1374 762 1409 deinde
786 1372 988 1416 Quenellius
1013 1371 1138 1407 Lazari
1164 1371 1378 1416 Aquenfium
1410 1371 1562 1419 episcopi
1585 1373 1802 1421 exemplum,
1829 1374 1892 1422 qui

277 1429 451 1465 damnatus
473 1426 510 1459 in
532 1424 675 1473 synodis
694 1423 824 1457 Galliae
843 1434 911 1455 non
932 1421 1137 1467 provocavit
1155 1420 1198 1454 ad
1215 1419 1431 1465 pontificem.
1479 1422 1671 1470 Respondet
1680 1421 1892 1459 Christianus

278 1480 400 1524 Lupus
425 1477 579 1522 primum
604 1473 684 1507 huic
704 1470 925 1520 jungendum
942 1472 1115 1505 Herotern
1132 1468 1381 1508 Arelatenseffi
1406 1472 1466 1516 qui
1494 1471 1591 1508 simul
1622 1484 1701 1508 cum
1728 1475 1856 1508 Lazaro
1872 1485 1892 1508 e

279 1527 391 1563 Gallia
411 1524 540 1573 ejestus
566 1521 626 1557 est.,
678 1524 809 1555 Verum
839 1518 954 1565 dispar
968 1517 1148 1562 utriusque
1168 1515 1215 1550 est
1230 1517 1324 1552 causa
1340 1542 1350 1556 ‚
1376 1530 1457 1554 nam
1480 1523 1600 1557 Heros
1621 1522 1751 1557 nullius
1777 1523 1889 1557 crimi-

280 1579 332 1611 nis
351 1575 396 1610 est
413 1572 605 1614 accusatu53
632 1571 689 1605 sed
707 1571 760 1605 vir
780 1567 912 1604 sanstus
930 1568 997 1603 fuit
1016 1567 1160 1604 Martini
1180 1565 1389 1612 discipulus,
1414 1569 1475 1612 qui
1502 1581 1522 1603 a
1544 1571 1679 1616 populo
1706 1570 1892 1606 Arelatensi

278 1625 396 1661 insons
417 1621 541 1667 cies-§ius
560 1621 614 1657 est.
666 1623 715 1655 Atr
727 1623 893 1658 Lazarus,
922 1618 946 1652 fi
964 1618 1047 1652 fides
1066 1615 1227 1651 habeatur
1249 1617 1396 1652 Zozimo
1417 1630 1471 1663 ep.
1491 1629 1542 1661 4.‚
1570 1631 1678 1663 quum
1705 1621 1892 1655 etiamnum

279 1675 419 1710 clericus
435 1667 585 1708 'Eritium
601 1669 801 1716 episcopum
817 1668 1057 1703 Turonensem
1078 1664 1163 1701 falso
1181 1664 1369 1706 accusasset,
1398 1667 1437 1700 in
1464 1666 1603 1715 synodis
1632 1668 1820 1704 Gallicanis
1855 1680 1894 1704 ae

278 1725 465 1772 praecipue
479 1724 515 1756 in
533 1718 731 1755 Turonenfi
753 1718 930 1753 damnatus
950 1715 995 1752 est
1012 1716 1052 1752 ab
1069 1715 1146 1762 ipso
1163 1714 1329 1752 Proculo,
1350 1717 1410 1761 qui
1430 1727 1540 1752 tamen
1558 1717 1722 1753 Proculus
1740 1717 1818 1765 post
1834 1718 1892 1753 ali·

279 1786 364 1819 quot
383 1785 490 1808 annos
513 1770 672 1806 eumdem
698 1771 864 1802 Lazarum
887 1766 1100 1811 Aquenfium
1117 1764 1287 1800 ordinavit
1307 1764 1526 1812 episcopum,
1553 1779 1592 1802 eo
1618 1778 1790 1813 tempore,
1821 1779 1892 1812 quo

280 1821 521 1859 Constantinus
540 1818 680 1865 quidam
699 1820 887 1866 Tyrannus
905 1816 1034 1852 Gallias
1053 1824 1240 1861 occuparat.
1294 1813 1370 1849 Post
1391 1814 1465 1862 ejus,
1481 1827 1597 1852 necem
1612 1814 1748 1852 conaus
1767 1815 1813 1852 est
1827 1819 1892 1852 La-

280 1884 379 1907 zarus
404 1869 589 1917 aufugere,
617 1878 650 1903 et
673 1879 750 1902 cum
771 1869 906 1901 Herote
924 1866 958 1901 in
980 1863 1194 1901 Palaestinam
1213 1860 1336 1898 secessit
1355 1878 1367 1897 :
1393 1876 1433 1899 ex
1462 1865 1587 1911 quibus
1615 1865 1787 1901 evidenter
1813 1877 1893 1901 con-

279 1921 339 1957 stat
358 1924 540 1961 Lazarum,
569 1930 627 1954 nec
645 1918 764 1964 primo
781 1916 979 1951 damnatum
999 1916 1033 1950 in
1052 1913 1184 1963 synodo
1200 1913 1417 1952 Turonensi,
1431 1927 1490 1950 nec
1512 1915 1629 1962 postea
1647 1913 1810 1962 ejeaum,
1824 1917 1895 1951 Ro—

279 1983 369 2005 mam
387 1967 594 2016 provocass'e.
650 1966 758 2011 Quod'
773 1977 891 2000 autem
905 1967 951 2000 ait
970 1964 1180 2000 Christianus
1197 1964 1314 2007 Lupus
1333 1965 1499 2000 Herotem
1525 1975 1556 1999 et
1581 1967 1747 2000 Lazarum
1776 1962 1893 2011 adpel-

281 2019 355 2055 l'affe
378 2020 418 2053 ad
435 2017 658 2064 pontificem,
683 2027 714 2050 et
731 2015 772 2049 ab
791 2028 829 2050 eo
848 2015 1027 2050 damnatos
1042 2011 1161 2053 fuisse,¹
1184 2008 1308 2046 falsum
1326 2011 1371 2046 est
1389 2026 1398 2045 ;
1425 2026 1572 2059 namque
1592 2014 1633 2049 de
1649 2015 1691 2050 iis
1715 2014 1782 2049 hoc
1812 2016 1893 2049 Coe-

279 2069 420 2104 lestinus
439 2079 571 2102 tantum
590 2067 645 2102 ait.
703 2064 770 2099 Ubi
787 2064 827 2099 de
846 2066 1041 2112 episcopatu
1058 2060 1240 2099 abdicando
1257 2064 1515 2110 agitur‚maria
1527 2090 1534 2105 ,
1547 2067 1722 2112 terrasque
1731 2064 1891 2110 lustrant,

279 2131 338 2155 nec
355 2119 418 2154 ulla
430 2117 601 2165 suffregia
614 2116 910 2162 praetermittunt.
965 2117 1060 2160 Quae
1077 2111 1177 2149 verba
1195 2107 1286 2145 osten
1294 2110 1380 2146 dunt
1395 2124 1453 2147 eos
1470 2113 1512 2147 ad
1535 2116 1730 2159 Romanum
1751 2110 1895 2158 pontifi·

280 2179 353 2203 cem
370 2179 439 2202 non
460 2164 676 2213 provocafle,
705 2175 765 2197 nec
783 2175 862 2199 eum
877 2163 1010 2208 adiisse,
1038 2172 1076 2200 ut
1095 2158 1378 2200 restituerentur,
1400 2160 1458 2206 sed
1485 2160 1646 2199 omnium
1669 2160 1796 2207 ubique
1820 2156 1896 2209 epi-

279 2216 469 2264 scoporum
491 2215 651 2264 suffragia
675 2211 874 2251 sollicitasse.

1784 2309 1839 2346 De
