2023 2760
389 248 432 281 ¹8
634 237 707 273 DE
734 231 1009 275 ANTIQUA
1035 228 1341 267 ECCLESIAE
1374 227 1715 265 DISCIPLINA

488 329 526 361 In
547 325 603 359 illa
624 324 738 359 decem
759 321 1024 358 numerabantur
1038 318 1251 365 provinciae,
1280 317 1475 358 Palaestina,
1502 318 1616 364 Syria,
1653 315 1836 352 Phoenice,
1864 315 1946 350 Ara·

339 378 412 417 bia,
442 377 575 412 Cilicis,
608 372 745 414 {sa-tria,
771 371 1043 418 Mesopotamia,
1071 367 1241 405 oswen-a,
1274 365 1531 413 Euphratensis,
1568 377 1598 400 et
1618 366 1756 411 Cypria.
1808 363 1872 399 Sed
1898 364 1953 398 hic

340 439 501 462 numerus
519 423 629 471 possea
650 423 771 463 crevit,
800 434 876 456 nam
898 416 1075 456 Palaestina
1093 419 1126 452 in
1146 429 1211 452 tres
1228 416 1334 452 divisa
1352 415 1413 457 est,
1443 428 1591 460 quarum
1619 414 1825 462 metropoles
1857 424 1951 448 erant

341 476 516 516 Caesarea,
551 473 791 520 schytopolis,
827 482 860 504 et
886 468 1087 517 Jerusalem3
1125 467 1222 514 Syria
1248 467 1282 499 in
1307 467 1405 506 duas,
1446 476 1592 510 quarum
1618 463 1831 511 metropoles
1855 473 1951 497 erant

339 531 514 571 Apamea,
550 535 582 557 et
609 523 811 561 Antiochia3
847 520 964 554 Cilicia
991 518 1110 551 itidem
1135 518 1170 550 in
1200 514 1300 556 duaS,
1329 527 1472 560 quarum
1490 512 1715 559 metropoles,
1744 511 1891 552 Tarsus,
1919 523 1950 547 et

339 574 546 610 Anazarbus.
599 574 746 606 Demum
763 570 942 604 Phoenicia
960 579 1100 612 quoque
1118 567 1151 600 in
1175 565 1275 605 duas,
1304 577 1448 609 quarum
1472 562 1681 609 metropoles
1707 560 1805 598 fuere
1831 564 1951 608 Tyrus

338 636 372 659 et
387 622 577 659 Damascus.
632 623 768 655 Praeter
797 619 856 654 has
882 617 1116 662 metropoleos
1144 615 1342 660 dignitatem
1368 617 1402 649 in
1430 613 1544 648 eadem
1573 613 1756 658 provincia
1786 623 1954 657 occupare

337 685 481 709 conatus
501 672 544 706 est
561 668 748 718 Berytensis
774 669 972 714 episcopus,
999 665 1053 700 sed
1073 666 1141 712 ejus
1160 675 1297 698 conatus
1317 663 1357 698 ab
1380 665 1585 710 imperatore
1609 663 1786 698 Martiano
1810 672 1842 696 et
1866 659 1954 708 epis,-

339 725 435 770 topis
454 724 487 757 in
508 720 649 755 concilio
669 716 930 753 Chalcedonenfi
948 715 1009 751 ast.
1029 728 1062 757 4.
1083 712 1245 760 repressus
1263 712 1317 749 est.

491 769 639 806 Secunda
661 767 828 808 dioecefis‚
846 779 931 812 quae
948 761 1122 811 praefesto
1141 764 1278 798 orientis
1299 761 1456 808 parebat,
1485 761 1528 796 est
1550 760 1704 797 dioecesis
1717 760 1880 809 AEgypd,
1898 772 1953 796 cu-

340 822 392 869 jus
413 832 513 867 caput
531 818 747 857 Alexandria,
777 819 810 851 in
829 829 865 850 ea
883 828 948 850 tres
965 817 1117 861 primum
1137 811 1230 848 fuere
1254 813 1449 858 provinciae
1472 813 1647 859 AEgyptus
1675 809 1802 849 miste,
1837 814 1954 846 Penta-

340 871 450 917 poliS,
479 881 511 904 et
528 868 652 916 Libya,
680 867 803 912 quibus
817 865 911 900 addit
928 865 1005 899 Ath.
1028 864 1061 897 in
1082 863 1170 908 apol.
1191 875 1221 896 2.
1251 860 1464 896 Thebaidem
1490 873 1520 895 et
1539 865 1651 895 Amm.
1678 860 1735 895 lib.
1759 873 1814 895 22.
1835 864 1954 906 Augu·

340 921 545 955 ssamnicam.
601 919 666 952 His
684 915 810 963 adjesta
827 915 948 949 deinde
966 913 1009 948 est
1029 912 1182 947 Arcadia.
1212 911 1427 957 Epiphanius
1446 908 1572 945 haeres.
1597 914 1651 949 68.
1672 908 1799 955 septem
1812 909 1956 957 AEgypti

340 970 536 1015 provincias
556 977 738 1001 enumerat.
793 967 1010 1011 AEgyptum,
1037 960 1270 1000 Thebaidem,
1297 959 1546 1000 Mareotidem,
1576 961 1852 1000 Ammoniacem,
1880 962 1955 994 Ma-

342 1019 509 1053 reotidem
522 1042 530 1054 ‚
559 1027 590 1050 et
609 1014 840 1060 Pentapolim·⁷
868 1013 919 1046 bis
938 1014 1110 1046 Mareotae
1129 1021 1253 1042 nomen
1272 1009 1305 1041 in
1325 1020 1448 1042 textum
1468 1008 1652 1053 Epiphanii
1674 1007 1829 1053 irrepsit,
1864 1019 1895 1043 et
1919 1009 1954 1043 in

341 1067 503 1102 alterutro
521 1063 642 1108 legend
651 1075 706 1096 um
724 1063 840 1107 potius
858 1061 993 1094 videtur
1007 1058 1238 1093 Marmaridis.
1291 1056 1422 1090 Deinde
1441 1068 1521 1090 vero
1546 1056 1792 1090 advertendum
1813 1055 1856 1090 est
1876 1057 1955 1103 Epi-

339 1115 506 1162 phanium
532 1114 588 1147 hic
609 1124 677 1146 non
696 1121 893 1144 enumerare
909 1107 1103 1154 provincias
1123 1104 1306 1149 metropoli
1322 1102 1502 1151 subjestas‚
1539 1103 1593 1139 sed
1619 1116 1765 1140 tantum1
1778 1106 1955 1151 regiones;

341 1177 419 1199 nam
437 1166 610 1199 Mareote‚
637 1171 675 1195 ut
695 1158 783 1194 testis
806 1157 851 1194 est
874 1155 1091 1195 Athanasius,
1118 1154 1278 1200 episcopo
1300 1164 1330 1187 et
1355 1153 1605 1199 chorepiscopo
1631 1154 1778 1194 carebat,
1807 1166 1838 1190 et
1862 1167 1959 1201 rege-

341 1215 442 1249 batur
460 1223 591 1246 tantum
612 1222 630 1243 a
647 1208 867 1255 presbyteris.
922 1209 1051 1238 Verum
1070 1203 1206 1237 tandem
1230 1212 1300 1236 tota
1320 1204 1467 1248 AEgypti
1495 1202 1649 1236 dioecesis
1675 1205 1709 1237 in
1735 1203 1848 1239 decem
1879 1217 1958 1251 pro-

340 1262 492 1300 vincias,
520 1258 735 1301 totidemque
752 1254 955 1300 metropoles
973 1252 1072 1287 urbes
1100 1249 1276 1284 distributa
1302 1261 1388 1289 erat,
1415 1261 1452 1283 ut
1475 1250 1603 1284 constat
1629 1263 1666 1285 ex
1685 1251 1788 1296 Epist.
1813 1254 1893 1299 imp.
1915 1253 1957 1288 ad

342 1309 549 1347 Dioscorum
568 1306 630 1342 ast.
648 1319 676 1340 1.
695 1307 801 1339 Cone.
821 1299 1095 1338 Chalcedonensis
1107 1299 1209 1334 relata
1224 1297 1297 1333 Col.
1320 1311 1376 1343 99.
1393 1299 1427 1332 in
1450 1311 1516 1343 qua
1529 1298 1621 1346 jubet
1631 1299 1836 1336 Dioscorum
1848 1302 1958 1348 Ephe·

343 1361 417 1397 sum
444 1361 560 1394 venire
577 1368 645 1391 cum
663 1355 767 1390 decem
785 1351 1066 1399 reverendiffimis
1083 1350 1308 1395 metropolitis
1326 1349 1486 1395 episcopis
1505 1351 1575 1394 ejus
1594 1349 1782 1395 dioeceseos.

492 1421 613 1454 Tertia
639 1417 683 1452 est
708 1414 863 1452 dioecesis
886 1414 1001 1453 Ponti,
1036 1411 1131 1458 eujus
1165 1407 1370 1453 metropolis
1393 1407 1438 1442 est
1458 1407 1613 1442 Caesarea
1639 1409 1893 1455 Cappadociae,
1919 1412 1956 1447 in

341 1473 396 1508 sex
426 1472 579 1519 primum
611 1466 715 1502 divisa
744 1464 956 1512 provincias,
1001 1459 1254 1506 Cappadociam
1272 1481 1281 1494 ,
1324 1456 1490 1492 Galatiam
1508 1482 1517 1497 ,
1546 1460 1764 1496 Armeniam,
1792 1461 1957 1503 Pontum,

347 1520 615 1568 Paphlagoniam
642 1529 671 1552 et
689 1516 899 1563 Bithyniam.
954 1514 1050 1554 Quae
1067 1519 1182 1543 omnes
1200 1517 1332 1551 excepta
1348 1505 1506 1552 Bithynia
1526 1507 1560 1540 in
1579 1507 1660 1542 duas
1688 1505 1802 1553 postea
1830 1509 1957 1545 divisae

344 1573 433 1607 sunt.
486 1572 659 1604 Praeterea
675 1564 740 1600 fuit
759 1566 792 1599 in
811 1563 926 1598 eadem
945 1559 1081 1595 dioecesi
1101 1555 1303 1601 metropolis
1326 1566 1356 1589 et
1373 1555 1479 1589 civilis
1496 1567 1527 1590 et
1545 1556 1769 1598 ecclesiastica,
1805 1560 1953 1602 Nicaea,

343 1621 401 1657 sed
420 1619 558 1656 nomine
576 1623 705 1652 tantum
722 1627 752 1650 et
769 1614 921 1651 honore,
949 1622 985 1645 ut
1001 1622 1018 1643 a
1037 1607 1134 1642 nobis
1153 1605 1366 1641 observatum
1387 1602 1431 1638 est
1447 1616 1552 1639 antea.

493 1685 623 1725 Quarta
641 1675 792 1713 dioecesis
814 1674 858 1710 est
876 1674 1015 1709 Asiana,
1042 1671 1076 1704 in
1097 1682 1163 1714 qua
1188 1680 1253 1704 una
1277 1679 1346 1702 erat
1371 1668 1550 1712 provincia
1580 1667 1834 1714 proconsularis
1865 1670 1955 1710 Asia,

342 1733 440 1781 cujus
458 1729 661 1775 metropolis
679 1725 846 1770 totiusque
865 1723 1002 1758 Alianae
1020 1719 1205 1754 dioeceseos
1223 1729 1324 1763 caput
1341 1716 1385 1751 est
1404 1716 1567 1762 Ephesus.
1622 1720 1776 1753 Caeterae
1801 1718 1880 1755 osto
1905 1723 1954 1756 vi-

341 1785 434 1818 cario
455 1781 547 1816 Asiae
563 1777 742 1826 parebant,
772 1774 1020 1818 Hellespontus
1039 1768 1179 1806 scilieet,
1206 1765 1414 1812 Pamphilia,
1442 1767 1567 1812 Lydia,
1604 1766 1741 1808 Pisidia,
1769 1771 1951 1814 Lycaonia.

343 1834 447 1880 Lycia
466 1843 496 1866 et
514 1830 628 1866 Caria,
654 1826 823 1872 Phrygia:
853 1834 934 1867 quae
954 1819 1073 1855 deinde
1098 1819 1131 1852 in
1148 1817 1332 1852 Salutarem
1362 1826 1392 1849 et
1418 1817 1643 1856 Pacmianam,
1671 1817 1820 1860 itemque
1852 1820 1952 1853 Pam-

341 1883 450 1927 philia
478 1882 511 1914 in
540 1879 622 1913 duas
650 1875 772 1911 divisae
797 1873 883 1908 sunt.
935 1873 1112 1905 Praeterea
1135 1880 1222 1904 unus
1242 1865 1362 1900 eratin
1382 1865 1525 1902 Rhodo,
1552 1865 1633 1901 alter
1651 1866 1686 1900 in
1705 1865 1816 1902 Lesbo
1832 1865 1951 1904 insulis

341 1929 639 1976 metropolitanus,

492 1979 620 2021 Quinta
637 1971 795 2010 dioecesis
813 1971 858 2006 est
867 1970 1052 2010 Thraciae,
1078 1966 1174 2014 eujus
1191 1965 1273 2002 olim
1291 1975 1393 2012 caput
1417 1977 1486 2000 erat
1503 1965 1685 2000 Heraclea:
1724 1965 1847 2000 deinde
1869 1977 1952 2001 vero

341 2026 675 2073 Constantinopolis,
702 2024 853 2067 quinque
869 2022 902 2054 in
923 2032 958 2053 ea
976 2016 1071 2053 fuere
1089 2017 1301 2064 provinciae,
1329 2015 1493 2056 Thracia,
1527 2014 1710 2061 Rhodope,
1745 2014 1953 2051 Haeminon·

341 2092 412 2121 tus,
440 2076 567 2114 Moesia
585 2087 615 2110 et
631 2073 779 2121 Scythia.

493 2126 620 2173 lllyrici
638 2119 813 2169 prae-festo
839 2119 924 2154 duae
942 2115 1105 2165 subjeslae
1121 2124 1214 2149 erant
1230 2111 1406 2148 dioeceses.
1461 2111 1625 2148 Dioecesis
1647 2112 1890 2150 Macedoniae,
1916 2115 1952 2148 'm
1989 2113 1994 2119 '

322 2187 408 2224 ''qua
427 2176 506 2213 οξὶο
525 2183 744 2209 numerantur
770 2169 983 2215 provinciae.
1020 2162 1293 2212 proconsularis,
1328 2162 1471 2200 Achaia,
1508 2162 1727 2202 Macedonia,
1763 2160 1950 2203 Thessalia,

342 2229 470 2273 Epirus
489 2237 584 2260 vetus
608 2234 640 2257 et
658 2233 762 2257 nova,
789 2221 887 2253 Creta
906 2227 937 2251 et
957 2214 1183 2251 Praevalitana
1207 2212 1386 2258 provincia
1401 2236 1412 2251 ,
1438 2223 1525 2259 quae
1552 2210 1667 2260 poste.
1691 2211 1813 2249 Βασίας
1836 2208 1951 2258 jun&-

343 2277 399 2321 ρίὶ.
451 2276 579 2312 Totius
598 2271 747 2321 regionis
766 2280 869 2315 caput
886 2278 955 2304 erat
978 2261 1222 2302 Thessalonica.
1812 2309 1830 2345 Ι

1831 2319 1901 2346 tm
