1961 2718
305 201 376 236 344
588 185 962 229 DEANTIQUA
987 181 1643 225 EecLEfflAEmscrrmNA·

255 283 346 317 tium
363 277 521 324 intelligit
538 278 635 312 exiam
646 277 844 322 pravitatem
862 271 1154 309 inemendabilem,
1179 283 1262 316 quae
1278 269 1453 305 universae
1469 270 1594 308 officiat
1613 270 1784 307 eccleflae:
1811 281 1874 307 mx.

261 333 303 367 de
321 330 362 364 ad
382 329 578 374 Philippum
596 337 712 371 regem
731 324 943 360 Francorum
961 322 1108 360 scribens
1127 324 1185 357 ait,
1207 321 1362 365 {iamque
1380 322 1546 365 generalis
1564 322 1696 356 concilii
1710 321 1872 357 delibera-

258 383 351 416 tione
371 376 483 424 ipsum
503 378 668 423 iepararet
687 375 726 409 ab
745 387 850 408 uxore
868 373 943 413 sua,
973 372 1106 407 ordinis
1125 382 1156 405 et
1174 369 1277 406 officii
1294 370 1484 416 periculum
1516 369 1576 404 {ibi
1604 372 1795 405 imminere.

406 428 563 471 Denique
577 423 744 460 Bonifacii
765 426 858 459 VIII.
886 432 1157 468 extravagantem
1176 420 1271 456 omni
1290 421 1418 454 ratione
1433 430 1465 454 et
1481 420 1661 455 autoritate
1680 420 1869 456 destitutam

259 478 348 519 niliil
371 478 516 512 omnino
534 487 664 510 moror.
1018 479 1019 482 ’
1637 498 1640 502 ,
1847 484 1849 487 .

410 525 581 571 Obiicitur
605 524 730 558 ultimo
745 547 752 561 ,
767 520 902 556 concilii
929 517 1158 554 Lateranensis
1176 517 1312 553 seffione
1336 530 1389 552 ιι.
1417 516 1471 553 sen
1491 520 1610 564 potius
1628 518 1752 553 Leonis
1765 519 1810 553 X.
1835 518 1871 553 in

261 577 408 614 concilio
428 575 516 610 edita
528 572 723 608 constitutio
742 570 783 604 de
799 569 1020 614 abrogatione
1036 569 1264 616 pragmaticae
1275 593 1283 607 ,
1311 568 1346 602 in
1359 580 1422 613 qua
1431 568 1613 614 postquam
1624 568 1717 608 dixit,
1736 579 1771 602 ea
1783 580 1869 613 quae

263 627 352 674 gesta
373 624 449 660 sunt
467 625 500 658 in
520 622 662 657 concilio
681 618 852 654 Basileensi
875 617 950 664 post
969 618 1223 653 translationem
1245 618 1315 664 ejus
1341 619 1489 662 Eugenii
1512 621 1569 652 lV.
1594 615 1794 652 augien-itate
1822 615 1873 652 fa-

261 677 351 712 stam
371 674 503 709 nullum
524 673 646 707 habere
663 668 755 716 posse
779 668 896 702 robur.
950 669 1045 701 Haec
1067 667 1182 702 addit:
1236 668 1313 701 Cum
1338 669 1537 712 praesertim
1559 669 1664 713 solum
1690 668 1875 702 Romanum

259 724 447 774 pontificem
465 733 630 769 tamquam
647 719 880 754 auHoritatem
893 717 998 763 super
1016 719 1124 751 omnia
1141 718 1277 751 concilia
1295 715 1466 751 habentem
1490 717 1702 751 conciliorum
1726 717 1873 750 indicen-

261 777 394 811 dorum,
423 769 758 817 transferendorum,
787 778 823 799 ac
841 765 1128 810 dissolvendorum
1146 767 1277 809 plenum
1287 767 1345 809 jus
1367 773 1400 798 et
1415 766 1610 810 potestatem
1627 764 1762 801 hahere,
1816 775 1872 799 ne.

263 826 339 860 dum
355 835 395 858 ex
405 820 726 867 sacraescripturae
742 814 922 858 testimonio
941 812 1043 846 dinis
1057 813 1250 856 sanHorum
1265 821 1402 858 patrum
1419 821 1452 847 et
1482 816 1624 848 aliorum
1653 814 1876 857 Romanorum

259 871 571 921 pontificumetiam
585 862 869 911 praedecqffisrum
889 861 1069 906 nostrorum
1080 861 1316 908 sacrorumque
1332 872 1489 904 canonum
1501 862 1660 901 decretis,
1687 862 1745 902 sed
1754 874 1877 909 expro.

260 924 343 970 pria
361 921 461 954 etiam
480 913 665 950 eorumdem
682 913 889 946 conciliorum
909 909 1111 956 confeffione.
1166 908 1302 952 Quibus
1317 908 1432 943 verbis
1454 910 1587 945 videtur
1611 909 1763 957 synodus
1780 914 1878 946 Late.

264 966 409 1008 ranenfis
424 976 483 1001 aut
500 965 616 1010 potius
634 965 704 996 Leo
723 962 762 995 X.
789 957 999 1005 adprobante
1017 958 1163 993 concilio
1189 970 1259 992 rem
1280 958 1379 1004 plane
1399 957 1592 995 definivisse.

412 1013 637 1060 Respondeo,
653 1020 813 1056 magnum
841 1007 901 1042 effe
928 1007 1108 1043 discrimen
1130 1008 1220 1042 inter
1243 1007 1330 1042 hanc
1353 1005 1558 1043 sanssionem
1584 1019 1615 1043 et
1639 1006 1874 1045 definitionem

266 1066 494 1104 conciliorum
514 1058 773 1097 Constantiensis
792 1069 821 1092 et
838 1055 1044 1092 Bafileenfis:
1081 1057 1236 1103 primum
1257 1058 1366 1097 enirn,
1400 1068 1439 1092 ut
1467 1059 1598 1093 mittam
1625 1057 1705 1091 haec
1732 1058 1874 1094 concilia

265 1113 499 1154 numerofiora
515 1109 632 1148 fuisse,
659 1121 735 1144 cum
754 1105 962 1142 Lateranenfi
981 1106 1126 1142 concilio
1145 1107 1200 1140 vix
1219 1103 1394 1152 ostoginta
1411 1119 1523 1152 patres
1538 1106 1729 1146 adfuerint,
1766 1120 1783 1142 e
1802 1108 1877 1151 qui.

264 1169 330 1203 bus
351 1164 516 1210 sexaginta
533 1172 667 1196 tantum
686 1169 742 1193 aut
761 1157 894 1192 circiter
914 1155 1083 1202 episcopi,
1136 1167 1286 1200 quorum
1313 1168 1437 1201 magna
1455 1168 1534 1202 pars
1555 1169 1593 1191 ex
1620 1155 1732 1190 Italia:
1786 1156 1877 1191 chri-

265 1214 452 1253 stianisiimi
467 1213 557 1257 regis
574 1221 688 1246 orator
706 1206 836 1247 nullm,
865 1213 881 1240 e
898 1205 1084 1241 Gallicanis
1101 1205 1258 1251 partibus
1278 1203 1443 1239 antistites
1463 1205 1567 1246 nulli,
1596 1205 1744 1250 ideoque
1769 1218 1786 1240 a
1804 1217 1877 1241 non

264 1265 382 1313 paucis
400 1262 492 1297 haud
510 1261 683 1295 immerito
697 1257 732 1290 in
753 1256 897 1290 dubium
918 1266 1106 1291 revocetur,
1123 1266 1240 1289 utrum
1257 1267 1373 1289 revera
1390 1253 1430 1288 fit
1447 1254 1618 1300 generale,
1646 1265 1702 1295 ut,
1728 1255 1880 1300 inquam.

265 1314 300 1349 id
318 1313 470 1351 mittam,
511 1307 732 1355 perspicuum
762 1303 808 1337 est
824 1302 1055 1336 definitionem
1074 1301 1168 1336 istam
1196 1314 1266 1336 non
1284 1302 1344 1336 esse
1362 1315 1380 1335 a
1399 1303 1544 1338 concilio
1560 1303 1734 1343 universo,
1787 1303 1843 1338 sed
1859 1317 1878 1339 a

265 1367 422 1400 Romano
439 1356 599 1405 pontifice
615 1354 689 1390 solo
708 1351 850 1391 editam,
880 1361 911 1385 et
933 1351 1198 1394 quamvisinitio
1210 1350 1321 1384 bullae
1332 1349 1556 1396 praefigatur,
1578 1354 1674 1396 sacro
1689 1352 1878 1398 adproban-

265 1423 301 1450 te
319 1411 472 1448 concilio,
499 1417 591 1453 patet
607 1415 730 1440 tamen,
747 1413 820 1437 rern
839 1413 910 1435 non
927 1398 1025 1434 fuisse
1045 1400 1080 1433 in
1099 1398 1246 1434 concilio
1267 1397 1438 1434 discussam
1471 1411 1503 1434 et
1530 1401 1770 1442 examinatam,
1821 1399 1878 1437 sed

266 1472 398 1499 tantum
424 1455 613 1505 pei·le&um
631 1455 665 1488 in
684 1450 827 1488 concilio
845 1447 1015 1495 pontificis
1035 1448 1228 1488 decretum,
1257 1449 1353 1492 quod
1365 1448 1505 1492 quidem
1517 1461 1585 1484 non
1605 1459 1676 1484 erat
1694 1449 1874 1486 conditum

268 1512 311 1546 de
330 1511 395 1545 hoe
415 1506 573 1552 negotio,
602 1502 655 1538 sed
674 1501 714 1534 de
731 1499 951 1544 abrogatione
968 1497 1206 1544 pragmaticae.
1235 1497 1318 1530 Hoc
1335 1508 1418 1531 vero
1435 1497 1606 1534 decretum
1626 1497 1786 1534 inseritur
1801 1499 1878 1534 bul.

266 1562 319 1597 lae
339 1568 509 1602 tamquam
529 1555 614 1589 ratio
636 1548 862 1587 definitionis,
915 1559 984 1580 non
1010 1557 1121 1581 autem
1145 1557 1319 1590 tamquam
1340 1544 1506 1582 definitio,
1559 1549 1782 1594 Quapropter
1802 1548 1878 1585 lieet

267 1608 431 1646 constaret
447 1602 673 1650 adprobatam
689 1611 708 1633 a
723 1597 867 1632 concilio
885 1594 1117 1630 definitionem
1137 1594 1310 1641 pontificis
1330 1595 1372 1629 de
1389 1597 1616 1641 pragmaticae
1639 1595 1878 1644 abrogatione,

267 1669 408 1703 remque
424 1656 460 1689 in
476 1651 620 1688 concilio
636 1649 856 1684 examinatam
873 1658 909 1681 ac
926 1642 1120 1687 discuss'am3
1156 1656 1225 1678 non
1245 1655 1430 1690 propterea
1446 1645 1535 1681 idem
1562 1645 1627 1681 dici
1646 1645 1770 1690 posset,
1803 1649 1877 1684 imo

267 1709 357 1744 idem
374 1706 440 1740 dici
458 1714 526 1738 non
545 1697 703 1748 poffetde
725 1697 786 1732 hac
802 1698 943 1737 ratione,
966 1706 1068 1740 quarn
1084 1692 1239 1740 pontifex
1259 1693 1368 1728 bullae
1386 1693 1540 1730 inseruit.
1593 1697 1688 1731 Haec
1706 1697 1822 1732 omnia
1832 1696 1876 1732 ad

268 1755 403 1795 concilii
421 1748 649 1790 Lateranenfis
667 1747 836 1782 decretum
857 1741 1157 1791 responderipoffe
1173 1754 1375 1779 notaverunt
1392 1744 1571 1780 Duvallius
1591 1756 1623 1780 et
1641 1745 1878 1785 Bellarminus.

267 1809 345 1844 licet
362 1807 398 1840 in
417 1801 546 1838 diversa
563 1799 726 1846 opinione
743 1795 882 1831 fuerim.
934 1795 992 1830 Ad
1009 1794 1178 1828 concilium
1196 1793 1439 1838 Lare-ranem,
1479 1794 1592 1839 inquit
1607 1793 1806 1834 Duvallius,
1841 1806 1878 1838 4.·

267 1868 357 1904 part.
381 1866 414 1898 7.
441 1851 521 1887 libri
537 1850 579 1885 de
597 1849 752 1894 suprema
771 1843 933 1892 potestate
950 1855 1076 1890 papae,
1104 1841 1190 1890 quod
1206 1843 1305 1876 multo
1321 1842 1496 1890 expreffius
1516 1845 1669 1890 loquitur
1692 1856 1787 1892 quam
1803 1844 1879 1881 Flo.

268 1908 460 1943 reminum,
487 1902 608 1936 variae
625 1903 699 1941 lunt
717 1894 944 1942 responfionex.
999 1890 1147 1935 Quidam
1161 1893 1248 1926 enim
1265 1893 1374 1932 aiunt,
1393 1905 1461 1926 non
1471 1893 1578 1939 suff
1594 1904 1675 1928 vere
1689 1902 1724 1929 et
1734 1896 1879 1942 proprie

265 1954 446 2004 generale,
474 1962 542 1984 cum
562 1951 593 1983 ei
610 1949 671 1981 vix
689 1953 817 1980 centum
834 1944 1063 1989 interfuerint
1079 1941 1237 1988 episcopi,
1291 1942 1354 1975 alii
1379 1941 1496 1976 dicunt
1518 1951 1619 1989 caput
1645 1942 1734 1977 illud
1754 1955 1824 1984 τι,
1840 1946 1880 1980 in

270 2017 332 2053 quo
355 2003 396 2036 de
412 2000 616 2034 aufloritate
639 1995 772 2029 concilii
782 1994 890 2039 supra
906 1989 1092 2038 pontificem
1110 1992 1234 2025 mentio
1248 1989 1312 2031 fit,
1362 2003 1382 2025 a
1399 1992 1534 2026 concilio
1555 1991 1741 2038 mnf-,12:02
1756 1992 1877 2038 ἅψῃ,

263 2058 339 2100 Jum
363 2059 423 2085 aut
443 2049 684 2083 examinatum,
705 2041 767 2086 sed
782 2049 913 2077 tantum
928 2040 1118 2088 perfeflum
1135 2051 1243 2075 coram
1258 2040 1427 2085 praelatis
1443 2041 1590 2081 concilii,
1617 2043 1678 2088 qui
1687 2040 1760 2086 fine
1769 2053 1877 2088 prae.

271 2106 328 2137 vio
343 2100 494 2136 examine
511 2093 598 2130 illud
616 2091 867 2138 adprobatam,
894 2091 1033 2138 ideoque
1049 2089 1118 2123 dici
1131 2101 1194 2124 non
1201 2088 1286 2134 poffe
1303 2090 1531 2124 conciliariter
1545 2090 1724 2135 conclusum
1742 2098 1775 2125 et
1790 2089 1875 2133 defi·

271 2154 379 2188 ”itum
393 2174 401 2189 ,
418 2147 504 2194 ficut
521 2145 563 2179 de
582 2142 711 2178 concilii
727 2140 975 2187 constantienfis
990 2138 1182 2181 definitione
1201 2137 1323 2172 diHum
1334 2137 1385 2182 est.
1437 2139 1512 2173 Alii
1528 2150 1595 2174 rem
1607 2138 1655 2186 stc
1671 2138 1879 2184 expediunn

272 2203 414 2237 etiami,
440 2197 613 2243 inquiunt,
639 2192 809 2227 concilium
820 2189 951 2236 fuisset
967 2187 1113 2233 absolute
1125 2188 1301 2236 generale,
1329 2186 1439 2234 (quod
1456 2187 1565 2222 adhuc
1589 2196 1730 2234 propter
1747 2189 1878 2236 epifi-0.

268 2260 390 2298 porum
403 2247 612 2295 paucitatem
630 2242 839 2288 relinquitur
856 2238 1046 2282 incertum)
1074 2246 1184 2277 tamen
1199 2247 1269 2274 rem
1285 2236 1387 2284 ipsam
1408 2244 1449 2274 ut
1468 2236 1635 2276 decretum
1650 2235 1740 2281 fidei
1762 2238 1876 2280 carm

1741 2287 1826 2324 line
