1982 2739
1155 96 1173 112 Ι

320 229 387 264 ¹72
539 218 609 253 DE
633 215 905 262 ANT-IQVA
931 215 1214 252 ECCLESIAE
1274 215 1605 252 DISCIPLINA

271 305 379 343 modo
402 305 567 347 evitaret,
607 304 791 352 appellavit
814 305 855 340 ad
879 304 1230 345 conciliumRornnni,
1269 303 1507 345 Alexandrini,
1544 298 1854 349 Hierosolymitani
1869 309 1881 340 ,'

271 353 577 392 Theffalouicenfis
602 356 763 402 episcopi.
826 354 864 390 ld
885 354 1010 390 constat
1034 356 1149 401 primo
1181 367 1219 388 ex
1246 353 1319 400 ipso
1349 353 1518 401 Eutyche,
1552 353 1610 398 qui
1638 353 1673 386 in
1699 349 1880 385 latrocinio

270 405 461 452 Ephesum,
487 405 581 452 cujus
597 403 668 440 apta
687 404 883 440 referuntur
901 405 935 439 in
952 406 1097 440 concilio
1119 403 1379 439 Chalcedonenii
1407 415 1486 438 torn.
1515 405 1619 437 Cone.
1648 413 1678 443 4.
1703 399 1766 434 col.
1798 410 1877 441 1420

275 457 377 496 dixit,
431 452 464 490 se
495 455 690 490 damnatum
715 468 733 489 a
758 454 944 492 Flaviano,
998 467 1103 499 quum
1130 465 1330 499 provocaret
1356 452 1396 486 ad
1424 452 1607 486 concilium
1637 462 1670 485 et
1694 448 1882 494 episcopos.

270 507 439 546 Nullum,
489 503 628 550 inquit,
680 503 818 538 verbum
848 506 1002 550 faciente
1033 504 1195 539 Flaviano
1229 503 1269 538 de
1303 502 1533 549 adpellatione
1566 512 1633 535 mea
1659 498 1705 534 ad
1739 498 1881 544 vestram

266 555 480 601 sanflitatem
510 583 518 590 .
544 581 552 589 .
581 580 588 588 .
618 581 625 588 .
657 553 721 599 Jed
733 553 820 600 ficut
853 554 1047 600 potestatem
1084 552 1205 588 habens
1238 555 1347 586 omnia
1379 551 1418 587 de
1441 550 1512 594 fide
1531 551 1624 597 solus
1655 559 1757 597 agere
1775 572 1784 587 ,
1843 554 1879 582 et

271 605 362 640 ‘m'lzil
386 604 510 648 vesirae
527 604 722 649 sanHitatis
748 602 788 637 de
823 604 903 636 talis
929 605 1103 650 aequitate
1130 601 1260 648 judicii
1285 604 1459 646 reservare
1475 626 1484 641 ,
1538 598 1772 634 condemnavit
1800 607 1877 636 me,

274 664 309 689 et
342 651 382 688 ab
417 652 564 699 ecclesia,
615 661 656 687 ut
680 650 856 698 putabat,
913 651 1082 697 abscidit,
1135 660 1168 685 et
1194 650 1408 696 sacerdotio,
1463 658 1500 685 ut
1523 648 1696 696 putabat,
1758 648 1879 693 priva-

273 705 328 737 vit
346 702 415 747 sed
445 710 476 737 et
499 702 566 748 post
600 702 857 748 appellationem
891 703 928 736 in
959 702 1172 747 meprolatam
1200 702 1272 748 legi
1288 698 1434 746 jubebat
1461 702 1661 744 sententiam
1680 722 1688 736 ,
1741 704 1775 731 et
1801 707 1884 730 ana-

270 753 378 788 thema
404 751 606 791 tizabatme,
643 759 678 785 et
703 762 773 795 eosa
799 752 860 797 qui
884 748 1122 784 conveniebant
1149 749 1194 784 ad
1219 761 1266 784 me
1295 775 1450 785 .....
1480 760 1546 783 non
1563 747 1736 793 expefians
1754 743 1884 791 vestrae

268 802 467 848 sanHitatis
493 800 676 845 judicium,
702 800 765 844 sed
783 808 817 834 et
828 797 1036 842 subscribere
1052 798 1213 832 amaram
1229 798 1403 843 adversum
1421 809 1471 832 me
1481 798 1685 843 sententiam
1719 793 1887 840 compelle*

269 851 344 886 bat,
374 862 471 897 quum
481 852 588 897 magis
605 850 796 895 oportuerit
811 848 958 881 omnibus
975 846 1187 892 pontificibus
1200 847 1359 891 scribere,
1374 858 1452 894 quos
1469 847 1726 892 adpellaveram.
1781 843 1885 878 Dein-

270 899 313 934 de
331 899 419 933 idem
438 900 481 933 ait
501 898 742 933 Constantinus
759 896 950 931 Monachus
972 896 1140 942 Eutychis
1158 894 1334 937 deffinsor,
1361 908 1398 930 ac
1416 896 1543 941 legatus
1569 896 1605 929 in
1633 893 1766 942 synodo
1792 894 1886 928 Con-

270 947 571 994 stantinopolitana
588 947 715 981 ibidem
732 945 795 980 col.
818 957 899 987 244.
949 946 1135 991 Eutyches,
1169 946 1294 988 inquit,
1332 946 1408 979 dum
1433 947 1606 992 legeretur
1629 944 1800 978 damnatio
1827 953 1886 988 ap-

267 999 415 1045 pellavit
432 997 583 1041 sanHum
606 997 777 1030 concilium
786 993 976 1041 satzfizffimi
995 994 1135 1039 epzfcopi
1151 994 1295 1028 Romani
1314 1002 1347 1027 et
1356 988 1607 1032 Alexa'ndrini,
1642 1001 1675 1026 et
1693 991 1887 1038 Hierosoly-

266 1049 392 1081 mitani
409 1055 443 1080 et
465 1043 770 1090 leeffalonicensis,
799 1051 833 1077 et
847 1045 926 1077 haec
943 1045 980 1076 int
992 1042 1094 1091 gestis
1119 1055 1184 1077 non
1205 1045 1289 1087 Junt
1313 1045 1451 1086 inserta.
1515 1042 1606 1076 Licet
1632 1051 1745 1075 autem
1767 1049 1887 1075 verum

268 1094 344 1129 ellet
362 1106 438 1129 eum
456 1092 644 1140 adpellass'e,
672 1090 796 1127 falsum
820 1103 932 1127 tamen
951 1103 1019 1126 erat
1036 1103 1115 1126 eum
1130 1089 1306 1137 praesente
1323 1091 1466 1126 concilio
1484 1091 1520 1126 id
1534 1088 1657 1126 fecisse.
1710 1092 1805 1124 Nam
1825 1091 1886 1123 Pa-

260 1144 383 1180 *tritius
409 1143 626 1183 Florentius,
664 1143 722 1187 qu*
747 1142 968 1188 imperatoris
992 1139 1081 1188 jussu
1099 1138 1256 1176 adfuerat
1281 1140 1431 1189 synodo,
1471 1140 1569 1175 aliter
1586 1152 1659 1175 rem
1685 1138 1717 1174 se
1733 1135 1885 1173 habuisse

271 1193 464 1239 respondit.
521 1192 638 1227 Turba
651 1154 753 1238 facia
768 1191 899 1236 inquit,
926 1200 960 1225 et
978 1190 1137 1236 dzffoluto
1155 1200 1316 1226 conventu
1335 1191 1499 1237 Eutyches
1510 1190 1603 1225 dixit
1618 1189 1665 1224 ad
1681 1200 1728 1224 me
1735 1187 1883 1233 silenter,

260 1244 402 1289 'adpelle
418 1241 465 1276 ad
488 1239 674 1276 Romanum
696 1248 730 1274 et
746 1241 977 1286 Aegyptium,
1012 1248 1046 1272 et
1063 1236 1409 1284 Hierosolymitanum
1427 1241 1610 1272 concilium.
1663 1238 1711 1271 Et
1721 1249 1783 1284 ego
1793 1235 1887 1270 arbi.

271 1299 385 1327 tratas
412 1289 564 1324 indecens
589 1287 654 1333 effe
676 1289 785 1322 latere
810 1289 866 1322 lzoc
875 1285 1162 1331 sanHiffimum‘et
1175 1286 1481 1332 reverendiffimum
1495 1287 1774 1333 archiepiscopum
1803 1285 1884 1320 Fla-

259 1343 430 1379 vianum,
458 1336 645 1382 abscedens,
675 1336 751 1370 dixi
770 1337 811 1370 ei.
864 1336 959 1370 Hinc
973 1332 1121 1374 fastum,
1150 1346 1187 1368 ut
1203 1333 1374 1380 episcopi,
1415 1336 1473 1379 qui
1502 1335 1581 1370 huic
1607 1333 1752 1369 concilio
1778 1334 1882 1369 inter.

273 1387 431 1427 fuerant,
453 1384 643 1421 constanter
661 1382 800 1430 profesti
819 1383 899 1423 fint,
927 1382 960 1416 se
979 1383 1172 1429 Eutychem
1189 1384 1413 1429 adpellantem
1440 1384 1580 1419 minime
1607 1381 1786 1419 audiviss‘e.'
1816 1383 1886 1418 Ni-

272 1440 340 1475 hil,
367 1437 476 1480 inquit
502 1434 657 1482 Julianus
675 1431 828 1472 Coensis,
854 1431 897 1465 ab
919 1431 1068 1476 Eutyche
1096 1434 1251 1466 monacho
1271 1433 1393 1467 audivi
1414 1435 1449 1468 in
1474 1433 1634 1480 consf-ſju,
1670 1443 1702 1467 et
1725 1431 1884 1468 Seleucus

271 1484 475 1522 Amasenus,
502 1484 578 1518 dum
596 1483 675 1528 effer
690 1483 861 1517 concilium
873 1506 882 1521 ,
911 1489 944 1515 et
962 1478 1131 1527 inquisitio
1145 1483 1366 1525 perveniret,
1392 1483 1481 1516 nihil
1498 1485 1564 1518 tale
1587 1484 1795 1532 cognovimus
1815 1481 1884 1517 dic-

271 1546 342 1572 tum
367 1535 407 1570 ab
425 1532 668 1569 arclzimadrita
693 1531 859 1577 Eutyche,
897 1539 930 1565 et
945 1531 1071 1576 reliqui
1088 1540 1192 1563 omnes
1211 1531 1356 1575 episcopi
1368 1528 1620 1571 confirmarunt,
1639 1540 1673 1567 et
1694 1543 1758 1567 nos>
1771 1531 1883 1566 eadem

271 1584 474 1628 confitemur.
530 1581 604 1628 Ipse
622 1582 720 1616 etiam
736 1580 915 1614 Flavianus
933 1580 966 1613 in
988 1577 1127 1623 epistola
1147 1577 1186 1612 ad
1207 1581 1358 1613 Leonem
1377 1579 1488 1624 prima
1509 1579 1881 1626 Eutychen-timendacii

274 1634 405 1680 arguit,
434 1631 527 1677 quod
546 1632 672 1666 diceret
691 1629 722 1665 se
742 1640 894 1676 tempore
910 1628 1026 1675 judicii
1046 1627 1178 1662 libellos
1195 1627 1430 1672 adpellationis
1451 1627 1593 1667 dedisse,
1621 1640 1680 1663 nee
1689 1639 1799 1663 tamen
1813 1626 1881 1665 dif-

275 1683 391 1719 fitetur
409 1682 498 1718 idem
529 1683 610 1727 quin
632 1680 710 1727 post
726 1680 889 1728 judicium
905 1678 1075 1724 Eutyches
1095 1676 1214 1712 dixerit
1235 1676 1266 1711 se
1289 1676 1482 1723 adpellasse,
1509 1691 1575 1714 non
1594 1678 1731 1716 audivi,
1759 1678 1884 1723 inquit,

259 1734 313 1771 *ab
332 1735 389 1769 illo
407 1733 464 1775 sed
481 1745 500 1766 a
516 1735 593 1766 viro
609 1729 926 1779 magnificentiffimo
944 1737 976 1763 et
990 1726 1211 1775 gloriofiffimo
1238 1737 1279 1761 ex
1308 1729 1438 1773 consule
1455 1737 1488 1764 et
1508 1730 1659 1776 patricio
1685 1727 1880 1774 ascendente

275 1795 324 1819 me
341 1784 569 1829 infitperiora
587 1780 696 1815 domus
713 1780 784 1825 post
797 1782 940 1825 solutam
954 1777 1122 1824 synodum.
1648 1806 1650 1808 ,

424 1834 469 1866 Ex
488 1830 540 1864 his
564 1830 679 1876 primo
704 1828 781 1864 loeo
807 1826 946 1869 constat,
976 1826 1165 1873 Eutychem
1193 1837 1263 1861 non
1289 1824 1468 1870 adpellaffe
1493 1825 1535 1861 ad
1560 1824 1668 1862 solum
1685 1827 1883 1862 Romanum

273 1879 489 1928 pontificem,
518 1879 570 1914 sed
592 1879 630 1913 ad
650 1879 832 1914 concilium
864 1889 939 1912 turn
958 1876 1103 1911 Romani
1120 1887 1191 1910 tum
1210 1874 1447 1913 Alexandrini,
1475 1887 1547 1910 turn
1576 1874 1876 1923 Hier-solymitani.

275 1930 444 1969 Secundo,
472 1929 734 1974 adpellationem
754 1926 847 1962 istam
869 1924 1029 1974 Eutychis
1048 1925 1159 1960 verbis
1178 1935 1307 1959 tantum
1334 1923 1477 1960 emiliam
1491 1923 1631 1960 fuissein
1642 1925 1788 1963 secreto,
1807 1937 1878 1961 non

275 1992 383 2015 autem
408 1978 543 2024 publice
567 1990 596 2012 et
614 1977 744 2022 scriptis
762 1975 947 2011 seeundum
967 1975 1116 2010 formam
1136 1974 1348 2014 iudiciorum.
1402 1978 1440 2008 ln
1460 1972 1630 2021 praediRa
1649 1987 1754 2021 porro
1764 1974 1879 2021 adpel-

273 2030 400 2064 latione
416 2027 584 2074 Eutyches
602 2027 854 2061 Antiochenurn
874 2024 1101 2071 patriarcham
1118 2024 1283 2059 domnum
1311 2022 1421 2059 omisit
1440 2049 1448 2064 ,
1484 2036 1553 2060 non
1581 2024 1676 2069 quod
1698 2023 1877 2059 sententiae

274 2081 309 2114 in
333 2076 519 2124 Eutychen]
536 2076 619 2110 latae
641 2074 901 2121 subscripsisset,
921 2088 958 2111 ut
977 2073 1059 2110 falso
1075 2073 1254 2109 arbitratus
1276 2071 1321 2108 est
1345 2076 1462 2109 Petrus
1485 2074 1525 2108 de
1548 2070 1682 2114 Marca,
1718 2073 1877 2109 nondum

272 2129 362 2164 enirn
379 2137 580 2172 pervenerat
598 2124 638 2160 ad
675 2125 841 2160 domnum
863 2126 963 2172 hujus
987 2125 1160 2160 sententiae
1179 2123 1317 2160 notitia,
1344 2135 1451 2168 quum
1472 2124 1552 2159 haec
1574 2123 1748 2159 Florentio
1765 2122 1800 2156 in
1816 2134 1876 2158 au-

274 2191 347 2214 rern
365 2176 447 2211 dixit
473 2175 651 2224 Eutyches.
713 2175 775 2210 Sed
795 2176 872 2220 qnia
899 2175 1058 2223 Eutychis
1082 2172 1238 2208 haerefim
1270 2173 1404 2219 primus
1443 2183 1704 2220 oppugnaverat
1726 2171 1876 2207 domnus

271 2229 355 2263 datis
373 2226 414 2262 ad
433 2227 671 2276 imperatorem
689 2224 847 2260 adversus
865 2238 942 2261 eum
967 2223 1134 2272 {ynodicis
1157 2223 1275 2257 litteris
1291 2248 1298 2260 ‚
1313 2235 1392 2269 quas
1419 2222 1522 2258 refert
1544 2221 1722 2257 Facundus
1750 2221 1806 2256 lib.
1835 2228 1874 2260 8;

269 2290 342 2326 cap.
367 2290 394 2323 5.
446 2275 560 2320 Adde,
590 2274 685 2321 quod
703 2286 796 2312 vetus
815 2287 884 2312 erat
900 2273 1142 2312 Alexandrinae
1166 2272 1332 2313 ecclesiae,
1368 2273 1461 2322 cujus
1486 2273 1678 2321 patrocinio
1704 2269 1871 2318 gloriaba-⁴

1763 2330 1821 2356 tur
