2022 2733
271 181 801 219 'DISSERTATIONES
837 185 1176 225 HISTORICAE.
1228 192 1485 226 Damnvn.
1588 201 1657 236 391

95 268 180 310 finis
194 268 645 315 temporalisfitbordinatur
654 270 721 314 fini
731 273 915 318 spirituali
932 283 970 308 ut
992 284 1110 321 patet,
1138 281 1216 327 quia
1244 282 1399 325 felicitas
1425 280 1619 327 temporali!
1642 289 1715 313 non

101 317 144 362 cst
162 316 306 362 absolute
330 320 467 353 ultimus
487 319 590 361 finis,
620 330 653 355 et
673 320 745 355 ideo
772 324 904 366 referri
923 321 1019 359 dehet
1046 327 1083 360 in
1110 329 1316 372 felicitatem
1349 338 1536 364 aeternam:
1588 327 1727 374 constat,

98 376 208 402 ‘utem
220 378 259 402 ἐκ
269 367 449 414 Arzflotele
460 367 516 403 lib·
527 368 636 404 Ethic-
650 382 720 416 ΜΡ.
731 384 752 404 1.
771 372 822 404 ita
834 369 1061 414 subordinari
1067 377 1264 421 facultates,
1278 388 1316 413 ut
1320 378 1596 423 subordinantur
1606 376 1706 419 fines.

248 463 574 511 Respondeo,aiium
591 466 652 502 effe
667 466 768 503 finem
789 471 970 515 operantis,
986 470 1088 506 alium
1107 474 1202 508 artis.
1240 475 1333 509 Finis
1350 475 1516 520 principis
1536 472 1708 508 christiani

96 513 208 561 potest
225 515 286 550 effe
304 528 371 551 non
397 527 527 552 tantum
556 515 696 551 felicitas
721 518 931 563 temporalis,
959 518 1014 553 sed
1033 532 1064 554 et
1079 534 1211 556 aeterna
1229 523 1280 557 sui
1299 536 1335 557 ac
1353 522 1502 562 suorum,
1529 521 1611 556 ficut
1629 520 1708 556 finis

95 563 246 610 episcopi
263 564 375 610 potest
392 564 453 599 esse
471 579 538 600 non
554 576 684 599 tantum
704 564 791 598 salus
809 577 942 600 aeterna
960 567 1139 603 hominum
1159 570 1233 604 suae
1251 583 1349 605 curae
1367 571 1630 609 cornmifforum,
1650 570 1707 605 sed

96 613 367 658 ettranquillitas
384 615 541 648 civitatis.
568 613 631 647 Sed
654 611 731 646 finis
753 615 832 648 artis
850 615 1010 659 politicae
1031 627 1196 660 quatenus
1211 618 1382 663 politicae,
1409 619 1453 654 est
1472 617 1612 653 felicitas
1638 631 1707 653 tan-

97 673 172 698 tum
191 661 392 708 temporalis
413 673 444 696 et
468 662 608 706 quidem
629 661 706 696 finis
725 661 826 709 hujus
853 663 1013 704 ultimus,
1049 678 1126 701 nam
1145 667 1287 712 potestas
1307 668 1459 713 politica,
1480 679 1518 702 ut
1537 668 1612 701 talis
1638 668 1707 702 alio

95 724 166 747 non
188 709 334 746 refertur
350 723 388 745 ex
408 709 523 757 seipsa.
576 715 627 746 De
653 710 811 746 felicitate
838 725 920 748 vero
944 725 1077 748 aeterna
1101 714 1123 749 fi
1138 718 1299 762 princeps
1317 718 1459 762 cogitet,
1498 729 1567 751 non
1589 717 1623 750 id
1649 716 1704 750 ha-

95 759 152 796 bet
174 774 193 795 a
210 760 370 806 politica,
405 758 461 795 sed
482 762 524 795 ab
546 759 755 795 ecclefiastiea
779 760 959 806 potestate,
993 763 1089 810 cujus
1114 764 1262 800 confiliis
1288 767 1484 814 adjuvatur,
1510 767 1621 810 itaque
1646 777 1706 800 nee

94 821 182 845 artes
200 810 296 851 istae,
326 821 384 844 nec
403 822 517 844 earum
534 809 618 844 fines
637 811 781 856 proprie
801 810 1087 847 subordinantur:
1115 816 1303 858 requiritur
1322 817 1412 850 enim
1436 815 1478 851 ad
1504 814 1705 850 subordina-

98 860 237 900 tionem,
256 870 294 894 ut
313 858 389 892 finis
406 861 485 893 artis
505 858 744 894 subordinatae
765 868 825 905 per
844 858 886 899 se,
914 871 945 896 et
961 872 1001 908 eit
1013 873 1133 897 natura
1151 862 1207 898 sua
1225 863 1383 898 inserviat
1399 863 1459 899 fini
1478 864 1703 899 subordinan-

96 909 158 950 tis‚
186 907 240 943 sed
258 907 486 951 tranquillitas
504 907 713 953 reipublicae
733 921 794 954 per
811 909 843 942 se
859 920 891 942 et
908 921 1026 944 natura
1044 911 1100 946 sua
1120 925 1189 947 non
1206 911 1347 948 inservit
1364 913 1406 947 ad
1429 926 1599 947 aeternam
1620 912 1704 948 salu-

93 968 177 997 tem,
207 956 261 991 sed
280 968 410 991 tantum
431 970 495 1003 per
514 956 684 997 accidens,
722 958 1014 1002 quemadmodum
1037 958 1114 995 finis
1134 962 1338 999 medicinae,
1367 963 1426 1007 qui
1456 961 1501 996 est
1526 962 1611 997 salus
1631 974 1705 997 cor-

92 1008 208 1053 poris,
235 1005 344 1052 potest
363 1007 463 1041 etiam
481 1006 640 1041 inservire
659 1006 757 1041 saluti
775 1008 922 1049 animae,
949 1019 980 1044 et
999 1020 1109 1044 tamen
1126 1011 1328 1046 medicinam
1353 1010 1579 1047 ecclesiasticae
1601 1024 1701 1057 pote-

93 1055 168 1092 stati
186 1054 439 1091 subordinatum
459 1055 533 1093 effe,
553 1056 630 1100 quis
649 1056 759 1092 dicat?
1487 1100 1489 1102 Ι

242 1103 516 1151 Additesecundo
534 1105 778 1146 Bellarminus,
807 1119 902 1152 reges
923 1118 955 1142 et
972 1107 1153 1153 pontifices
1165 1136 1176 1147 ‚
1202 1110 1313 1146 clerici
1331 1122 1360 1145 et
1377 1111 1452 1146 laici
1471 1123 1543 1146 non
1568 1109 1704 1146 faciunt

90 1154 176 1189 duas
194 1153 422 1199 respublicas,
449 1153 507 1189 sed
526 1167 649 1192 unam,
674 1153 759 1190 idest
775 1168 875 1190 unam
893 1156 1056 1192 ecclesiam
1069 1184 1076 1198 ,
1106 1158 1221 1195 sumus
1238 1163 1328 1196 enirn
1347 1172 1464 1195 omnes
1492 1172 1598 1198 unum
1624 1172 1701 1195 cot·-

93 1215 158 1250 pus
178 1205 276 1238 Rom.
300 1215 353 1238 12.
372 1215 402 1237 et
422 1215 451 1239 1.
467 1206 548 1238 Cor.
571 1216 625 1239 12.
647 1215 678 1238 at
697 1205 732 1238 in
751 1206 846 1239 omni
863 1218 1010 1250 corpore
1030 1208 1182 1244 membra
1202 1209 1278 1244 sunt
1292 1222 1440 1244 connexa
1457 1220 1488 1243 et
1510 1209 1699 1255 dependen-

92 1254 138 1288 tia
154 1265 260 1287 unum
279 1251 319 1286 ab
336 1252 493 1292 alionum
511 1265 622 1287 autem
641 1252 732 1287 reste
748 1253 899 1288 asseritur
916 1255 1106 1300 spiritualia
1121 1259 1271 1303 pendere
1286 1272 1305 1293 a
1322 1258 1586 1306 temporalibus:
1615 1270 1702 1304 ergo

91 1301 294 1348 temporalia
310 1313 328 1334 a
346 1300 574 1345 spiritualibus
590 1313 652 1346 pen
660 1302 755 1338 dent,
787 1302 903 1346 illique
919 1302 1063 1349 subjefla
1088 1303 1172 1340 sunt.

241 1347 466 1394 Respondm,
495 1350 575 1383 haec
594 1351 709 1384 omnia
732 1362 931 1395 argumenta
957 1352 1075 1387 eodem
1105 1354 1260 1389 laborare
1284 1355 1388 1395 vitio,
1418 1355 1513 1399 quod
1537 1353 1702 1400 personas·

91 1411 126 1437 et
139 1397 317 1446 potestates
335 1396 564 1439 confundant,
591 1398 722 1433 faciunt
739 1400 876 1443 quidem
896 1413 1013 1435 omnes
1034 1402 1192 1437 homines
1208 1416 1309 1438 unam
1327 1405 1491 1440 ecclesiam
1504 1430 1511 1444 ,
1540 1403 1597 1438 sed
1627 1417 1698 1440 non

88 1448 220 1486 faciunt
239 1448 324 1482 duae
341 1447 519 1493 potestates
541 1460 643 1482 unam
661 1449 909 1494 rempublicam
928 1450 1172 1487 ecclesiasticam
1189 1466 1196 1495 3
1225 1453 1340 1488 sumus
1360 1466 1478 1489 omnes
1498 1466 1602 1489 unum
1622 1466 1697 1488 cor-

89 1511 156 1546 pus
175 1511 213 1533 ex
229 1495 385 1544 apostolo
398 1522 406 1536 ,
435 1508 600 1540 quatenus
619 1509 735 1531 ornnes
754 1499 904 1533 membra
921 1497 1035 1535 sumus
1056 1501 1285 1538 ecclefiasticae
1304 1504 1526 1549 reipublicae,
1556 1503 1631 1537 licet
1649 1514 1699 1537 et-

89 1550 158 1584 iam
183 1545 336 1582 membra
354 1558 496 1590 quoque
514 1544 614 1579 fimus
633 1546 741 1579 civilis
760 1547 982 1591 reipublicae:
1012 1563 1078 1585 non
1098 1551 1142 1585 est
1159 1564 1242 1597 ergo
1261 1553 1442 1588 dicendum
1455 1579 1462 1593 ,
1492 1552 1699 1598 temporalis

89 1610 109 1633 a
124 1594 356 1643 spiritualibus
374 1596 540 1640 pendere,
568 1594 647 1638 quia
662 1595 749 1628 cives
766 1594 837 1629 imo
854 1608 884 1630 et
901 1609 996 1640 reges
1016 1600 1049 1631 in
1070 1599 1303 1644 spiritualibus
1323 1603 1362 1637 ab
1378 1601 1511 1637 ecclesia
1531 1601 1697 1646 pendent,

92 1657 125 1682 et
149 1645 305 1680 similiter
331 1643 503 1688 christiani
531 1656 567 1678 ac
596 1643 744 1689 episcopi
770 1644 804 1677 in
834 1644 933 1680 rebus
953 1647 1108 1682 civilibus
1136 1661 1171 1683 ac
1199 1651 1445 1696 temporalibus
1472 1650 1697 1697 principibus

87 1695 166 1731 sunt
193 1693 329 1730 subditi.

235 1745 366 1778 -Tertio
392 1743 432 1777 ad
456 1741 547 1777 idem
566 1741 859 1783 confirmandum,
896 1744 1122 1780 Bellatminus
1148 1746 1263 1793 adjicit
1288 1747 1354 1782 hoc
1378 1759 1638 1793 argu-mentum,
1668 1746 1696 1782 fi

89 1792 309 1840 temporalis,
336 1793 464 1837 inquit,
494 1791 741 1827 administratio
760 1792 905 1838 impedit
924 1792 1092 1839 spirituale
1110 1793 1256 1834 bonurn,
1280 1807 1412 1832 tenetur
1431 1798 1589 1842 princeps
1611 1808 1696 1831 tern-

86 1843 221 1892 poralis
242 1853 372 1878 mutare
399 1841 495 1875 illum
522 1842 665 1877 modum
685 1842 939 1876 administrandi
962 1845 1058 1878 etiam
1076 1856 1150 1878 curn
1171 1845 1374 1880 detrimento
1394 1847 1588 1891 temporalis
1606 1859 1694 1880 tran-

90 1893 284 1939 quillitatis,
314 1891 450 1935 quando
468 1892 581 1925 obviat
602 1890 695 1926 bono
723 1891 892 1936 spirituale
907 1905 973 1927 non
995 1892 1140 1938 praecise
1163 1906 1200 1929 ut
1217 1907 1293 1935 rex,
1321 1894 1376 1929 sed
1403 1907 1439 1930 ut
1467 1908 1521 1929 rex
1546 1895 1692 1930 christia-

89 1955 175 1982 nus,
211 1942 289 1986 quia
312 1940 443 1975 bonum
466 1938 631 1985 spirituali
651 1941 789 1986 dignius
817 1941 859 1975 est
880 1954 909 1976 et
937 1942 1147 1977 excellentius
1176 1944 1267 1979 bono
1293 1944 1489 1990 temporali.
1543 1948 1587 1979 At
1610 1943 1695 1979 inde

88 2005 161 2028 non
182 1988 355 2035 sequitur,
382 1987 563 2036 subjestam
581 1988 645 2024 effe
661 1990 857 2036 potestatem
878 1991 1100 2037 temporalem
1121 1990 1308 2038 spirituale,
1336 1995 1382 2028 ita
1398 2005 1435 2028 ut
1451 2006 1546 2039 reges
1566 1993 1602 2028 id'
1619 2006 1692 2028 non

86 2040 246 2078 facientes
266 2039 394 2084 deponi
411 2037 537 2084 possi'nt
555 2050 612 2074 aut
629 2039 727 2074 bonis
753 2041 881 2085 privari
902 2040 942 2074 ab
969 2040 1175 2076 ecclefiastica
1201 2042 1369 2089 potestate.
1422 2046 1506 2078 Rem
1533 2043 1692 2089 exemplo

87 2089 233 2128 illustro.
287 2091 430 2133 Coquus
451 2099 583 2124 tenetur
607 2101 740 2124 mutare
762 2090 905 2124 modum
932 2090 1111 2126 condiendi
1137 2094 1326 2137 optimum,
1355 2091 1379 2126 fi
1401 2091 1531 2127 sanitati
1555 2091 1691 2134 officiat,

89 2141 170 2186 quia
187 2139 325 2179 sanitas,
354 2150 439 2184 quae
455 2136 531 2173 finis
556 2136 601 2173 est
620 2139 819 2180 medicinae,
848 2139 892 2173 est
917 2139 1044 2174 bonurn
1071 2141 1220 2178 nobilius
1248 2154 1349 2187 quam
1378 2142 1532 2187 voluptas
1561 2142 1689 2186 gustus,

91 2201 178 2234 quae
198 2186 244 2223 est
261 2186 338 2223 finis
362 2188 442 2222 arxis
461 2188 694 2233 coquinariae,
725 2201 828 2233 ergo,
853 2190 983 2232 inquiet
1009 2189 1148 2234 aliquis,
1175 2204 1228 2226 res
1253 2192 1451 2236 coquinaria
1471 2190 1614 2237 subjefia
1643 2191 1691 2227 est

85 2237 290 2280 medicinae,
316 2249 398 2286 ergo
412 2237 561 2277 medicus
577 2236 687 2286 potest
709 2250 858 2284 coquum
879 2237 991 2275 officio
1009 2240 1156 2286 privare.
1209 2242 1295 2285 Quis
1315 2239 1405 2276 istud
1422 2239 1505 2275 ferat
1519 2241 1535 2273 ἲ
1562 2241 1690 2323 lSimi-

1576 2301 1636 2325 iter
1694 2301 1698 2305 ’
