2023 2760
416 203 927 245 DISSERTATIONES
954 198 1307 239 HISTORICAE.
1582 204 1628 242 71

63 302 265 342 Flaminiam
289 299 454 346 excipias,
482 311 568 343 quae
588 297 701 333 Italica
719 304 800 330 erar.
855 293 1014 342 Ejusdem
1039 293 1163 330 codicis
1180 289 1240 325 lib.
1264 303 1319 326 11.
1338 287 1389 325 tit.
1420 298 1473 323 re.
1491 286 1681 322 Gratianus

63 356 105 391 ad
124 353 271 389 Probum
293 347 510 397 praescitum
530 348 661 388 scribit,
690 355 728 380 ut
745 344 855 389 legem
875 345 916 380 de
944 344 1139 391 privilegiis
1156 353 1219 387 per
1245 341 1488 387 obreptionem
1519 337 1683 381 impetras

64 407 107 441 tis
125 401 304 439 confirmet
319 425 328 438 ‚
355 412 417 446 per
433 411 556 433 omnem
578 399 733 433 Italiam,
760 404 830 429 tum
851 398 952 429 etiam
972 406 1037 443 per
1053 392 1246 430 urbicarias
1262 418 1271 433 ,
1299 388 1550 434 Africanasque
1567 387 1678 433 regio-

62 468 141 495 nes,
168 467 205 488 ac
222 464 285 499 per·
302 461 395 485 omne
415 450 597 496 Illyricum.
653 449 736 482 Ecce
753 455 902 488 quatuor
920 442 1106 484 dioeceses,
1134 453 1219 488 quae
1240 438 1414 489 praesessio
1433 435 1597 484 praetorii
1616 437 1682 469 ita-

63 505 129 540 liae
145 515 219 539 tum
235 499 400 547 temporis
417 498 600 545 parebant,
628 495 807 532 vicariatus
834 493 967 535 ltaliae,
996 494 1177 529 vicariatus
1195 492 1340 530 Romae,
1376 485 1495 524 Africa
1524 483 1684 521 occiden-

64 554 158 595 talis,
185 564 216 588 et
234 551 435 600 Illyricum3
465 549 560 583 exiis
581 557 694 581 autem
711 554 881 588 quatuor,
910 545 1091 579 vicariatus
1118 544 1246 576 Romae
1270 541 1402 584 integer
1426 535 1684 583 provinciarum

65 602 384 640 suburbicariarum
410 598 551 632 nornine
577 593 891 642 comprehenditur.
945 593 1130 638 Sigillatim
1162 601 1243 624 vero
1268 590 1447 623 vicariatus
1473 584 1575 631 hujus
1603 595 1683 627 pro·

64 655 196 689 vinciae
216 659 459 687 enumerantur
478 649 514 682 in
532 647 653 682 eodem
681 643 795 680 codice
819 642 878 676 lib.
909 655 963 678 11.
991 645 1042 678 tir,
1071 647 1126 684 28.
1156 651 1181 673 c.
1208 651 1241 684 7.
1267 639 1492 685 Campaniae,
1525 634 1685 677 Ταμὼς,

63 705 203 743 Piceno,
230 702 382 740 Samnio,
412 699 579 745 Apuliae,
608 695 807 732 Calabriae,
834 694 971 728 Brutiis
988 702 1022 728 et
1039 692 1208 727 Lucaniae
1235 716 1244 724 .
1271 717 1280 724 .
1309 715 1316 723 .
1347 714 1354 722 .
1382 689 1419 721 in
1436 686 1526 719 omni
1541 682 1686 729 praesta-

66 755 172 790 tionis
188 750 279 787 modo
296 775 306 788 ‚
332 761 426 798 quem
443 750 585 796 antiqua
595 747 792 792 solemnitas
815 742 1012 780 detinebat,
1045 750 1189 791 quatuor
1212 747 1328 786 partes
1349 735 1505 784 jubemus
1531 732 1683 777 auferri.

66 806 145 840 Hae
163 812 277 837 autem
295 812 412 835 omnes
433 797 632 845 provinciae
648 795 703 829 hic
719 803 933 829 enumeratae
952 792 1139 828 urbicariae
1157 788 1276 825 diserte
1293 788 1452 822 dicuntur
1468 781 1620 831 ejusdem
1648 780 1687 814 ti-

39 860 48 872 ⁴
66 854 130 890 tuli
146 864 217 899 cap.
239 862 315 893 14.‚
341 849 401 885 ubi
418 848 460 883 de
480 847 554 893 lege
572 845 632 881 ista
650 844 730 880 haec
749 841 930 878 habentur.
983 841 1084 886 Quod
1099 841 1140 876 de
1158 840 1359 874 annonariis
1372 831 1609 882 fzanionihus
1624 841 1688 876 per

19 934 21 937 .
64 903 256 940 urbicarias
271 902 426 949 regiones
455 898 638 933 Clementia
662 895 771 942 nostra
787 892 941 941 conceffit.
997 890 1321 927 Praeter-mittuntur
1336 895 1452 921 autem
1469 884 1505 917 in
1532 879 1689 927 superio-

65 954 97 989 ri
115 949 372 988 enumeratione
391 958 540 994 quatuor
557 946 737 981 vicariatus
763 946 893 979 Romae
917 942 1141 988 provinciae:
1168 937 1305 973 Valeria
1331 935 1475 971 scilicet,
1511 932 1590 976 quia
1611 940 1689 963 cum

66 1002 206 1039 Samnio
224 999 452 1036 confunditur
467 1023 475 1038 ‚
504 1007 537 1031 et
562 1007 629 1032 tres
662 993 821 1041 insulae,
849 993 910 1038 qui
932 990 1013 1028 suos
1038 989 1207 1026 habebant
1232 986 1424 1035 peculiares
1452 979 1688 1029 magistratus·

65 1064 128 1101 per
145 1062 232 1097 quos
249 1047 426 1094 vestigalia
445 1045 678 1092 exigebantur.

220 1137 381 1182 Denique
407 1132 564 1180 regiones
591 1128 856 1169 suburbicarias,
883 1139 945 1164 nec
967 1124 1130 1163 universo
1159 1123 1308 1172 imperio
1331 1125 1489 1158 Romano
1505 1142 1516 1156 2
1542 1125 1600 1153 aut
1628 1113 1688 1150 sal-

69 1199 140 1226 tem
179 1187 346 1224 occidenti
370 1182 595 1229 respondere,
623 1193 682 1213 nec
702 1181 790 1213 intra
819 1178 1037 1212 centesimum
1062 1176 1105 1210 ab
1134 1175 1219 1209 urbe
1246 1173 1394 1208 milliare
1420 1168 1598 1205 coerceri:
1628 1163 1687 1200 sed

67 1238 246 1274 vicariatus
263 1238 392 1269 Romae
415 1230 612 1276 provincias
640 1226 702 1260 ess‘e
728 1225 975 1260 evidentiffime
1001 1221 1253 1258 demonstratur
1276 1233 1314 1255 ex
1343 1221 1412 1254 alio
1436 1216 1688 1254 Valentiniani,

67 1286 240 1326 Valentis,-
268 1293 301 1318 et
320 1281 477 1317 Gratiani
496 1275 664 1321 rescripto
691 1274 733 1308 ad
756 1274 982 1319 Ampetium,
1010 1283 1079 1316 quo
1094 1269 1284 1305 concedunt
1302 1266 1485 1305 Ursicino,
1513 1265 1573 1308 qui
1589 1264 1690 1309 prius

69 1339 104 1374 in
131 1335 260 1371 Gallias
285 1332 400 1368 fuerat
419 1329 589 1373 relegatus
610 1323 812 1359 abscedendi
831 1323 986 1370 copiam,
1016 1332 1053 1355 ea
1081 1330 1193 1355 tamen
1217 1317 1315 1363 lege,
1342 1327 1386 1352 ne
1411 1315 1456 1349 ad
1481 1312 1595 1348 urbem
1621 1313 1691 1349 Ro-

69 1399 170 1424 mam,
195 1386 252 1420 vel
267 1392 354 1418 certe
368 1378 620 1426 suburbicarias
636 1377 791 1422 regiones
803 1373 921 1419 pedem
941 1374 1087 1418 inferat.
1123 1369 1232 1414 quue
1251 1366 1282 1403 se
1301 1363 1412 1401 facere
1429 1363 1547 1399 dicunt
1565 1361 1601 1396 in
1619 1361 1691 1408 ejus

73 1437 216 1484 gratiam
235 1442 378 1469 naturae
390 1432 473 1476 suae
491 1425 744 1471 mansuetudine
761 1425 942 1471 levigatos.
994 1424 1104 1457 Porro
1122 1418 1145 1454 fi
1162 1418 1323 1465 regiones
1338 1412 1608 1451 suburbicariae,
1637 1408 1692 1444 vel

72 1484 233 1522 universo
255 1483 404 1528 imperio
430 1481 607 1515 Romano,
634 1473 686 1508 vel
703 1471 818 1508 saltem
836 1471 1007 1508 occidenti
1031 1468 1296 1516 responderent,
1325 1465 1411 1511 quid
1435 1461 1514 1499 esset
1538 1460 1691 1506 ineptius

75 1548 177 1583 quam
201 1533 339 1569 homini
366 1530 519 1568 cuidam,
549 1524 642 1559 velut
668 1521 828 1568 insignem
857 1523 1001 1567 gratiam
1031 1519 1236 1559 concedere,
1265 1530 1302 1551 ut
1328 1514 1443 1552 Gallia
1469 1510 1625 1550 excedat,
1654 1520 1692 1544 ea

75 1597 185 1631 tamen
207 1583 299 1629 lege,
326 1594 369 1616 ne
384 1580 509 1626 pedem
527 1577 562 1609 in
579 1572 777 1608 universum
798 1571 986 1617 imperium
1004 1574 1218 1609 Romanum,
1246 1577 1304 1602 aut
1331 1565 1448 1600 saltem
1474 1564 1510 1597 in
1536 1559 1690 1596 occiden-

74 1647 144 1672 tem
164 1631 299 1667 inferat.
352 1626 527 1676 Ejusmodi
548 1620 709 1670 profe&
728 1622 838 1667 gratia
857 1620 982 1655 summi
1001 1619 1162 1667 supplicii
1178 1619 1254 1654 loco
1274 1613 1426 1651 habenda
1445 1610 1536 1647 esset.
1568 1607 1690 1645 Osten-

76 1684 227 1721 dendum
244 1682 312 1728 jam
331 1676 481 1725 superest
496 1672 690 1722 provincias
712 1672 784 1705 illas
802 1683 819 1704 a
839 1670 965 1714 quibus
983 1666 1369 1705 excluditur-Ursicinus
1387 1689 1396 1705 ,
1422 1675 1475 1697 eas
1495 1658 1577 1700 effe,
1605 1670 1691 1703 quae

76 1734 206 1771 vicario
223 1731 320 1766 urbis
339 1732 467 1764 Romae
482 1724 657 1772 parebant.
710 1724 791 1757 Hoc
817 1731 929 1754 nutem
956 1718 1048 1754 idem
1069 1721 1255 1765 imperator
1282 1728 1351 1750 non
1381 1711 1526 1748 obscure
1543 1708 1690 1748 indicat,

76 1796 154 1821 eum
172 1782 214 1817 ad
230 1779 463 1816 Maximinum
481 1776 577 1810 urbis
597 1772 760 1807 vicarium
779 1769 894 1804 scribit
910 1793 920 1806 ‚
944 1779 982 1802 ut
998 1767 1217 1814 lingularum,
1237 1765 1360 1812 quibus
1378 1757 1691 1809 praeerat‚urbium

78 1833 212 1870 civibus
232 1841 351 1866 notum
375 1828 492 1863 saciat,
521 1838 562 1860 ne
583 1821 778 1858 Ursicinum
799 1818 936 1865 ejusque
955 1817 1064 1853 socios
1083 1829 1146 1862 per
1164 1819 1284 1851 vetitas
1311 1815 1470 1859 regiones
1491 1812 1554 1844 iter
1579 1806 1693 1842 facere

81 1885 267 1932 patiantur.
292 1880 411 1922 ltaque
421 1878 621 1924 provinciae
633 1872 708 1906 illae
726 1869 982 1906 suburbicariaev
997 1868 1035 1902 ad
1049 1879 1130 1911 quas
1150 1867 1304 1901 accedere
1313 1863 1474 1899 Ursicino
1492 1856 1696 1907 permissum

81 1940 236 1969 nouerat
251 1957 258 1970 ,
289 1939 385 1964 erant
405 1928 480 1961 illae
500 1936 630 1964 ornnes,
645 1922 769 1967 quibus
784 1919 876 1954 urbis
894 1922 1022 1954 Romae
1047 1917 1190 1951 vicarius
1211 1926 1372 1961 praeerat.
1384 1915 1459 1947 Hae
1476 1909 1550 1946 sunt
1567 1919 1693 1944 autern,

77 1995 117 2019 nt
135 1995 174 2018 ex
192 1981 311 2016 notitia
328 1978 466 2023 imperii
485 1973 628 2010 constat,
658 1984 663 1998 1
685 1983 859 2016 ampania,
885 1967 1028 2007 Tuscia,
1055 1966 1213 2002 Umbria,
1232 1966 1392 1999 Picenum
1410 1958 1691 1996 suburbicarinm,

79 2033 190 2070 Sicilia
208 2056 216 2069 ,
247 2028 372 2076 Apulia
389 2053 397 2065 ,
426 2025 580 2060 Calabria
602 2049 608 2063 ‚
637 2023 748 2056 Brutii
766 2046 773 2061 ‚
802 2019 970 2057 Lucania,
996 2018 1171 2053 Samnium
1191 2039 1199 2052 ,
1227 2012 1362 2050 Corfica
1379 2036 1388 2049 ‚
1412 2010 1548 2047 Valeria
1562 2033 1570 2048 ‚
1605 2018 1692 2052 quae

80 2081 265 2129 aliquando
293 2091 367 2114 cum
393 2076 531 2111 Samnio
560 2070 792 2107 confunditur.
848 2067 1023 2113 Haedsunt
1048 2067 1195 2101 rationes
1223 2063 1280 2099 seu
1306 2059 1538 2109 conjeaurae,
1567 2056 1692 2102 quibus

81 2133 269 2182 probatur,
296 2128 491 2179 provincias
510 2122 760 2160 suburbicarias
784 2132 836 2155 eas
854 2118 964 2156 solum
981 2115 1061 2159 effe,
1090 2129 1176 2162 quae
1195 2115 1321 2150 vicario
1342 2112 1437 2148 urbis
1462 2113 1592 2148 Romae
1616 2105 1694 2142 sub·

81 2181 186 2234 jesiae
217 2191 322 2217 erant.
373 2226 375 2228 Ι

234 2249 343 2282 Nunc
362 2241 404 2276 ad
424 2252 480 2275 eos
501 2251 556 2274 me
576 2248 761 2279 converto,
788 2235 849 2282 qui
869 2233 1016 2271 ecclesias
1033 2230 1284 2268 suburbicarias
1303 2227 1404 2263 nimis
1431 2222 1583 2270 angustis
1607 2219 1695 2255 limi·

88 2295 182 2342 tibus
198 2293 426 2336 concludunt,
453 2289 645 2330 adserentes
663 2287 739 2326 inas
755 2300 796 2326 eo
816 2283 926 2326 trafiu
940 2283 1128 2328 contineri,
1154 2283 1215 2330 qui
1229 2276 1403 2331 praefesto
1422 2275 1515 2314 urbis
1533 2271 1704 2321 parebat,-

1611 2330 1646 2356 et
