1982 2739
320 204 390 238 254
557 187 628 225 DE
654 188 938 233 ANTIQUA
965 186 1610 229 ECCLESIAED1SC1PL1NA

365 276 598 314 Confirmatur
625 278 704 314 haec
733 276 879 326 objefflo
906 278 1021 314 multis
1038 287 1068 313 et
1082 276 1212 324 apertis
1230 276 1429 314 testimoniis
1449 277 1642 315 sanffiorum
1661 289 1814 326 patrum.
1840 289 1880 315 ut

266 327 436 376 Cypriani
461 329 495 363 in
523 328 579 364 lib.
599 329 641 363 de
657 329 740 364 unit.
763 327 871 364 eccles.
895 327 1082 364 scribentis.
1132 327 1181 362 Et
1199 331 1349 376 quamvis
1365 328 1514 375 apostolis
1529 328 1674 364 omnibus
1689 341 1805 376 parem
1819 342 1877 376 po-

263 380 409 428 testatem
433 378 566 415 tribuat
590 378 660 426 post
685 378 978 424 resurreflionem,
1006 379 1061 413 hoc
1085 384 1182 412 erant
1201 380 1316 426 utique
1337 387 1370 413 et
1389 380 1511 414 caeteri
1528 378 1672 424 apostoli,
1693 379 1780 427 quod
1792 381 1874 425 fuit

264 431 385 464 Petrus
401 431 483 473 pari
496 430 659 474 consortio
673 427 831 475 praediti
849 429 981 463 honoris
1000 436 1033 463 et
1047 425 1239 473 potestatis:
1275 426 1388 462 eadem
1414 424 1458 461 est
1486 425 1646 462 sententia
1666 429 1878 475 Hieronymi

267 478 324 514 lib.
348 490 374 511 t.
394 476 554 513 adversus
571 478 809 525 jovinianum:
838 478 888 512 At
904 477 1005 514 dicis,
1032 477 1162 520 inquit,
1183 478 1289 522 super
1305 478 1438 512 Petrum
1447 476 1629 522 fundatur
1646 477 1775 523 ecetefia,
1803 479 1881 512 licet

263 529 321 563 Izoc
340 527 447 574 ipsum
464 529 529 562 alio
548 530 585 562 in
601 528 666 562 loco
678 528 783 574 super
799 538 906 562 ornnes
925 525 1079 572 apostolos
1089 523 1166 568 fiat,
1193 533 1227 560 et
1246 525 1355 560 cunffi
1372 527 1476 560 claves
1494 528 1595 573 regni
1615 526 1776 561 coelorum
1795 529 1882 560 acci.

262 579 361 624 piant
385 584 419 610 et
439 585 480 611 ex
504 588 604 624 aequo
618 578 721 622 super
738 587 788 611 eos
805 575 946 623 ecclestae
960 573 1131 620 fortitudo
1144 574 1325 619 solidetur.
1380 574 1473 609 Hinc
1489 572 1635 621 apostoli
1655 586 1770 610 omnes
1787 587 1805 609 a
1825 586 1882 621 pa-

263 625 374 662 tribus
402 623 564 661 dicuntur
586 625 703 660 vicarii
726 622 869 660 Christi:
906 623 1051 670 Constat,
1080 624 1192 668 inquit
1213 625 1368 660 Hilarius
1388 625 1551 659 diaconus
1569 625 1603 658 in
1626 622 1722 670 epist.
1740 623 1782 659 ad
1800 625 1881 660 Cor.

265 675 417 722 apostolos
443 675 502 721 effe
526 674 597 710 Dei
622 673 815 720 adjutores,
843 676 922 721 quia
946 674 1164 718 vicarissunt
1184 674 1314 721 Clzrisli.
1367 676 1407 708 Et
1432 671 1697 721 Chrysostomus
1715 672 1882 720 explicans

263 723 351 759 illud
371 725 465 758 Pauli
486 736 552 770 pro
569 723 721 759 Christo:
749 724 934 772 Legatione
948 725 1156 771 fungimur,
1183 723 1239 760 ait,
1259 734 1362 758 omnes
1381 723 1536 770 apostolos
1554 724 1646 758 illius
1663 725 1729 758 loco
1745 722 1884 767 officium

265 777 338 821 esus
361 773 558 820 Juscepzffe:
585 774 684 807 mitto
710 772 794 807 illud
818 772 979 807 omnibus
1006 783 1128 806 notum
1150 768 1376 817 praefationis
1394 771 1506 806 missae
1523 771 1777 818 apostolorum:
1803 784 1883 820 quot

264 826 373 870 operis
392 826 444 857 tui
473 825 615 857 vicarios
642 821 748 857 eidem
775 821 941 864 contulisti
958 821 1104 867 praegffle
1119 821 1274 866 pastores.
1328 823 1551 866 Quapropter
1568 822 1619 855 illi
1638 820 1711 866 ipfi,
1732 821 1791 865 qui
1809 821 1881 866 pri-

262 883 393 907 matum
410 870 581 917 pontificis
604 871 746 905 maxime
766 868 948 908 extollunt,
975 867 1126 903 fatentur
1146 868 1250 913 vulgo
1268 869 1441 915 apostolos
1457 881 1574 904 omnes
1592 869 1744 914 aequales
1762 867 1879 912 fuisse3

265 920 321 956 sed
339 921 433 967 ajunt
450 933 487 954 ex
507 919 586 965 ipsus
599 919 756 964 plerique
767 917 984 964 apostolicam
1003 917 1095 952 illam
1111 919 1293 952 autoritam
1312 918 1352 952 ad
1371 929 1507 964 ternpus
1525 929 1655 954 tantum
1674 919 1785 954 datam
1802 916 1884 954 fuis-

262 969 297 1006 se
323 970 477 1009 caeteris,
505 980 536 1003 et
556 971 658 1003 Petro
678 965 872 1004 concessam,
890 978 928 1002 ut
944 966 984 1001 ad
1004 964 1203 1002 successores
1224 967 1294 1014 ejus
1313 979 1534 1013 permanaret.
1586 971 1717 1003 Verum
1734 968 1815 1002 haec
1830 980 1882 1002 re-

262 1018 400 1065 sponsio
423 1017 510 1052 mihi
540 1016 673 1053 videtur
699 1015 759 1051 esse
783 1014 920 1057 fistida,
949 1026 980 1051 et
999 1017 1088 1051 Petri
1104 1017 1272 1061 primatui
1289 1029 1360 1052 non
1378 1030 1500 1065 parum
1518 1018 1694 1063 derogare.
1746 1015 1882 1052 Fiffitia

262 1068 402 1113 quidem
421 1066 482 1108 est,
510 1067 590 1112 quia
607 1065 698 1102 nulla
719 1067 866 1106 ratione,
897 1065 992 1100 nullo
1011 1063 1204 1101 testimonio
1225 1065 1412 1112 scripturae
1429 1078 1486 1102 aut
1503 1067 1697 1103 traditionis
1714 1066 1880 1102 docemur

261 1115 459 1164 potestatem
478 1114 681 1163 apostolatus
709 1116 799 1151 Petri
820 1115 863 1150 ad
879 1115 953 1163 ejus
971 1113 1173 1150 successores
1189 1115 1416 1161 permanasse,
1447 1129 1515 1152 non
1545 1129 1654 1152 autem
1682 1114 1883 1162 potestatem

261 1178 474 1202 caeterorum
493 1164 748 1212 apostolorum,
776 1177 853 1200 cut-n
871 1178 907 1199 ex
925 1177 1032 1211 aequo
1051 1163 1263 1200 ecclesiarum
1283 1165 1546 1212 apostolicarum
1569 1165 1738 1213 episcopi,
1767 1164 1881 1200 dican-

262 1228 320 1253 tur
353 1227 475 1251 eorum
496 1213 743 1262 apostolorum,
767 1228 784 1249 a
804 1214 929 1259 quibus
953 1213 1104 1249 ecclesiae
1128 1212 1207 1249 sunt
1223 1213 1395 1256 fundatae,
1421 1214 1637 1250 successores:
1665 1217 1736 1249 imo
1764 1225 1883 1248 omnes

262 1265 416 1313 episcopi
437 1264 674 1311 apostolorum
700 1265 856 1299 omnium
881 1263 1075 1298 successores
1102 1262 1165 1297 esse
1192 1264 1444 1308 perhibeantur.
1497 1265 1629 1298 Deinde
1655 1263 1734 1297 haec
1761 1263 1882 1308 opinio

261 1313 426 1360 primatui
443 1314 533 1347 Petri
550 1313 709 1357 derogat;
738 1323 815 1345 narn
836 1324 873 1345 ex
891 1323 928 1345 ea
945 1310 1098 1355 sequitur
1115 1311 1252 1354 quidem
1271 1313 1360 1346 Petri
1381 1310 1577 1346 successores
1595 1310 1761 1358 praeferri
1781 1312 1884 1346 debe-

262 1376 299 1398 re
321 1362 458 1398 caeteris
484 1361 671 1408 episcopiS,
699 1371 731 1396 at
758 1361 894 1395 Petrum
921 1371 1108 1406 propterea
1135 1360 1220 1394 inter
1247 1358 1419 1406 apostolos
1438 1362 1625 1407 primatum
1646 1358 1794 1396 habuisse
1813 1373 1883 1396 non

263 1411 493 1448 convincitur.

362 1463 478 1504 Itaque
504 1457 714 1506 respondeo,
734 1457 971 1503 aequalitatem
991 1456 1084 1492 illam
1103 1455 1341 1502 apostolorum
1360 1456 1445 1491 nihil
1463 1456 1592 1492 obstare
1608 1459 1785 1504 primatui,
1803 1460 1883 1505 quia

262 1508 395 1556 semper
422 1508 479 1544 ille
504 1507 722 1555 excipiendus
750 1506 796 1542 est
820 1506 860 1542 ab
888 1505 947 1542 ista
963 1505 1174 1551 aequalitate3
1205 1517 1282 1540 nam
1297 1516 1335 1540 ut
1353 1509 1572 1548 monuimus,
1601 1508 1718 1554 plures
1734 1507 1795 1543 esse
1813 1521 1883 1544 non

262 1558 399 1606 possunt
425 1558 553 1604 prImi‚
582 1557 636 1592 sed
662 1569 770 1592 unum
797 1555 857 1591 esse
882 1556 1033 1601 primum
1057 1552 1180 1588 necesse
1204 1553 1267 1588 est:
1295 1567 1373 1591 cum
1397 1568 1480 1601 ergo
1498 1556 1588 1591 haud
1607 1556 1751 1593 dubium
1769 1556 1807 1592 fit
1826 1560 1883 1593 Pe-

262 1621 357 1644 trum
382 1606 479 1643 fuisse
501 1608 656 1653 primum
684 1606 770 1640 inter
795 1604 986 1651 apos’t0105,
1013 1603 1087 1638 fieri
1106 1614 1175 1638 non
1201 1602 1322 1649 potest,
1350 1615 1387 1639 ut
1412 1605 1461 1640 illi
1481 1603 1610 1641 fuerint
1627 1608 1657 1641 ei
1675 1606 1827 1652 aequales
1847 1608 1882 1642 in

263 1659 434 1706 primatu,
461 1656 614 1701 aequales
634 1656 741 1700 igitur
759 1654 834 1689 sunt
859 1653 880 1688 fi
898 1653 942 1689 ita
960 1655 1010 1688 vis
1029 1654 1066 1688 in
1084 1651 1262 1693 omnibus,
1292 1665 1429 1700 excepto
1449 1656 1619 1701 primatu,
1647 1657 1708 1701 qui
1725 1655 1883 1703 pluribus

263 1704 415 1742 conferri
443 1719 512 1741 non
536 1703 656 1751 potest.
712 1707 818 1739 Porro
845 1702 1038 1738 testimonia
1063 1703 1097 1736 in
1127 1702 1337 1738 contrarium
1355 1703 1498 1740 adduGa
1514 1704 1579 1740 hoc
1598 1717 1707 1741 unum
1726 1705 1886 1753 probant,

264 1754 435 1802 apostolos
466 1756 501 1790 in
532 1755 678 1790 clavium
706 1752 1021 1794 administratione,
1047 1750 1404 1798 fideipraedicatione‚
1433 1753 1642 1790 ecclesiarum
1663 1753 1880 1795 fundatione,

264 1805 446 1851 potestate,
472 1804 647 1839 autoritate
674 1803 827 1848 aequales
852 1801 967 1838 fuisse:
995 1813 1028 1837 at
1055 1812 1112 1836 eos
1142 1802 1176 1836 in
1192 1802 1343 1847 primatu
1362 1804 1462 1838 Petro
1481 1803 1632 1848 aequales
1651 1801 1748 1839 fuisse
1766 1803 1883 1838 nullus

264 1855 364 1894 dicit,
392 1856 464 1890 imo
485 1854 696 1889 contrarium
717 1864 834 1889 omnes
853 1852 972 1888 dicunt
991 1852 1032 1887 iis
1048 1849 1127 1898 ipsis
1143 1850 1178 1885 iu
1195 1850 1288 1892 locis,
1316 1851 1375 1887 ubi
1396 1852 1629 1899 aequalitatem
1645 1852 1884 1901 apostolorum

263 1905 410 1940 maxime
426 1903 675 1939 commendant.

363 1955 413 1988 Ex
442 1953 492 1987 his
519 1952 635 1987 videre
660 1948 705 1985 est
728 1949 801 1985 falli
827 1962 895 1993 eos,
924 1951 985 1997 qui
1009 1951 1148 1986 Petrum
1173 1959 1204 1984 et
1223 1948 1363 1984 Paulum
1383 1950 1417 1984 in
1435 1952 1588 1997 primatu
1607 1951 1779 1998 aequales,
1809 1951 1883 1988 imo

265 2001 421 2051 ejusdem
451 2002 593 2036 omnino
617 2001 783 2046 primatus
808 2013 846 2034 ex
876 2013 985 2045 aequo
1004 2001 1183 2046 participes
1202 1996 1265 2033 esse
1285 1996 1511 2043 asseruerunt3
1541 2015 1638 2043 nam,
1664 2013 1702 2037 ut
1719 2001 1880 2042 diximus,

264 2052 381 2098 plures
408 2063 477 2085 non
509 2049 645 2096 possunt
662 2048 722 2083 esse
737 2050 843 2094 primi
862 2048 922 2084 sub
943 2049 1058 2085 eadem
1073 2050 1222 2085 ratione:
1251 2059 1329 2083 cum
1348 2060 1429 2094 ergo
1447 2053 1586 2087 Petrum
1605 2052 1761 2099 primum
1780 2047 1881 2086 fuisse

264 2098 410 2140 constet,
438 2099 511 2134 fieri
537 2111 605 2134 non
624 2095 744 2144 potest,
768 2110 805 2133 ut
832 2099 954 2135 Paulus
973 2099 1010 2134 sit
1034 2101 1132 2135 etiam
1158 2098 1310 2144 primus:
1339 2099 1504 2144 primatus
1530 2102 1622 2137 enim
1648 2112 1701 2135 res
1718 2099 1773 2140 est,
1796 2111 1883 2144 quae

264 2151 325 2185 uni
353 2160 483 2184 tantum
514 2149 690 2184 convenit,
718 2157 780 2182 nec
801 2147 896 2183 alteri
923 2147 1035 2195 potest
1051 2148 1305 2184 communicari.
1358 2150 1490 2184 Verum
1508 2149 1586 2186 istos
1606 2152 1642 2185 in
1661 2160 1815 2184 errorem
1830 2149 1884 2183 in-

266 2199 392 2235 duxere
408 2197 600 2233 multorum
619 2208 756 2244 patrum
775 2195 882 2239 dieta,
912 2198 1036 2243 quibus
1051 2198 1141 2234 Petri
1157 2209 1193 2232 ac
1210 2196 1302 2231 Pauli
1322 2197 1503 2242 aequalitas
1521 2197 1798 2240 commendatur,
1827 2195 1896 2244 sed3

262 2249 444 2296 aequalitas
458 2247 517 2283 illa
538 2245 583 2283 est
599 2248 635 2283 in
651 2244 857 2294 apostolatus
874 2245 1054 2296 potestate,
1080 2259 1150 2284 non
1168 2257 1280 2284 autem
1299 2246 1332 2282 in
1347 2248 1519 2296 primatu5
1554 2260 1592 2286 ut
1613 2259 1725 2285 autem
1742 2246 1899 2294 illorum,

1734 2307 1833 2345 argu:
