1992 2739
320 223 364 253 4²
570 206 642 245 DE
668 204 947 248 ANTIQUA
973 202 1258 241 ECCLESIAE
1284 203 1626 240 DISCIPLINA

370 293 444 332 Aa.
479 306 507 330 ¹.
525 293 588 330 col.
611 305 623 326 ι
636 304 648 325 ι
662 303 690 335 5.
709 302 786 326 cum
806 290 960 325 recitatus
978 285 1090 324 fuiss‘et
1117 287 1205 324 ordo
1230 286 1470 333 episcoporum
1496 287 1658 334 Ephefini
1681 287 1853 323 latrocinii
1872 314 1879 329 ,

271 358 302 382 et
321 347 460 391 quintus
484 354 673 390 poneretur
697 340 880 375 Flavianus
899 336 1288 383 Constantinopolitanns
1305 336 1382 382 post
1398 336 1604 372 Dioseorum
1630 336 1882 378 Alexandriae,

269 396 445 444 julianum
464 394 610 428 Romani
636 389 788 437 episcopi
817 389 982 435 legatum,
1011 387 1207 435 Juvenalem
1235 384 1559 433 Hierosolymorum
1579 398 1608 420 et
1627 385 1796 421 domnum
1814 389 1880 421 An-

274 443 647 484 tiochiae,orientales,
673 449 707 474 et
723 442 780 487 qui
806 451 873 473 cum
891 437 965 485 ipsis
989 446 1088 472 erant
1113 435 1378 482 reverendzffimi
1403 436 1549 481 episcopi
1574 437 1802 470 clamaverunt
1820 462 1827 470 .
1849 462 1856 470 .
1876 464 1883 472 .

270 494 455 529 Flavianus
485 503 590 540 quare
608 493 645 525 in
666 491 806 536 proprio
834 490 899 522 loco
923 499 986 522 non
998 487 1111 532 sedit,
1145 485 1546 531 Constantinopolitannm
1571 486 1753 530 episcopum
1779 497 1884 532 quare

270 545 425 591 quintum
439 543 635 588 posuerunt.
686 536 893 582 Paschasinus
909 534 1193 582 reverendiffimus
1207 536 1372 580 episcopus
1391 533 1498 568 dixit:
1556 533 1641 568 Ecce
1663 546 1718 568 nos
1740 534 1814 569 Deo
1831 528 1884 570 'vo-

269 595 362 627 lente
379 591 546 626 dominum
563 589 756 624 Anatolium
765 589 911 632 primum
931 584 1100 622 habemus,
1127 585 1325 628 hiquintum
1338 584 1521 628 posuerunt
1531 581 1661 617 beatum
1671 582 1882 620 Flavianum.

272 642 370 676 Hinc
390 639 505 675 videre
533 636 578 672 est
594 635 686 683 ipsos
704 636 804 671 etiarn
819 633 993 681 pontificis
1012 634 1156 668 Romani
1172 633 1300 677 legatos
1318 630 1501 666 conceffum
1518 644 1536 666 a
1554 630 1698 667 concilio
1725 631 1885 667 Constan-

274 689 509 735 tinopolitano
528 686 690 733 episcopo
708 686 874 731 primatus
891 685 1059 719 honorem
1076 680 1258 727 agnoviise.

377 737 452 773 Ati.
477 749 530 781 ις.
549 737 683 772 concilii
704 734 766 771 col.
786 746 870 778 7¹2·
923 731 1192 768 Nicomedienfis
1214 743 1245 765 et
1275 730 1448 766 Nicaenus
1474 728 1626 775 episcopi
1652 729 1692 764 de
1716 730 1791 775 jure
1817 742 1887 765 me-

277 787 476 835 tropolitico
506 798 671 822 certantes
688 810 696 825 ‚
730 785 906 827 utrimque
923 782 1058 820 ,litteras
1086 779 1320 827 Chrysostomi
1347 790 1378 813 et
1409 780 1518 814 Procli
1543 780 1724 825 adlegant,
1762 779 1888 824 quibus

277 838 447 886 probatur
475 847 532 871 eos
553 835 681 880 aliquid
695 833 755 868 fibi
776 832 860 880 juris
879 833 913 866 in
936 831 1130 879 Bithynidm
1148 828 1323 875 arrogasse.
1377 831 1455 864 Hoc
1474 840 1586 863 autem
1603 829 1769 875 peculiari
1779 827 1890 864 obser-

279 889 414 924 vatione
430 886 573 931 dignum
593 884 654 924 est,
684 882 777 928 quod
799 894 876 917 cum
892 878 1162 916 Nicomedieniis
1181 891 1211 914 et
1235 881 1410 914 Nicaenus
1432 877 1472 912 de
1496 877 1712 913 ordinatione
1739 877 1889 924 episcopi

278 939 320 973 in
347 936 525 983 provincia
551 934 609 968 sua
633 933 859 972 decertarent,
892 929 1089 976 praesettirn
1115 929 1155 962 de
1179 928 1397 963 ordinatione
1423 927 1572 973 episcopi
1598 927 1891 974 Bafilinopoleos.

281 997 438 1021 metuens
456 984 571 1019 Aetius
590 980 865 1020 archidiaconus,
894 992 935 1013 ne
952 990 1134 1024 propterea
1149 977 1394 1023 praejudicium
1412 973 1597 1011 inferretur
1608 975 1892 1022 Constantinopo-

280 1036 400 1070 litanae
420 1032 507 1073 sedi,
532 1044 617 1076 quae
635 1030 697 1065 fibi
713 1029 789 1063 licet
807 1028 982 1062 immerito
1001 1026 1251 1061 ordinationem
1279 1023 1520 1069 episcoporum
1538 1025 1612 1058 aliis
1624 1026 1894 1071 ¹metropolibus

284 1083 515 1130 {ubjestorum
532 1078 745 1115 vindicabat,
772 1078 850 1111 haec
872 1075 948 1121 post
968 1074 1126 1120 agitatam
1146 1075 1234 1108 inter
1249 1072 1326 1107 illos
1343 1071 1603 1107 controversiam
1637 1073 1735 1108 dixit:
1764 1075 1894 1123 Sugge-

283 1137 388 1170 rimus
406 1131 533 1173 vestrae
551 1129 832 1177 magnificentiae
850 1134 1028 1173 rogantes,
1054 1132 1091 1159 ut
1111 1124 1236 1158 nullum
1250 1122 1501 1169 praejudicium
1520 1122 1895 1169 Constintinopolitanae

278 1180 495 1228 Janfiiffimae
506 1179 582 1224 sedi
597 1180 670 1224 fiat
682 1202 690 1217 ,
719 1188 760 1211 ex
777 1177 943 1221 Izis‚quae
961 1186 1049 1207 nunc
1065 1173 1287 1219 interloquuti
1297 1174 1379 1214 sunt
1388 1169 1584 1217 sanft'zffimi
1601 1173 1746 1218 episcopi
1753 1197 1762 1212 ,
1788 1172 1900 1207 Euno-

285 1233 372 1266 mius
388 1227 519 1275 quidem
535 1225 765 1260 Nicomediae,
791 1231 823 1257 et
838 1221 1052 1268 sanHiffimus
1068 1219 1252 1265 Anastasius
1272 1219 1436 1258 Nicaeae,
1462 1230 1610 1266 quaeque
1627 1220 1667 1254 de
1686 1222 1755 1255 illis
1780 1221 1897 1266 consti-

285 1288 364 1314 tuta
373 1279 459 1322 sum
470 1301 478 1316 ,
500 1272 698 1320 sanfh'ffima
715 1273 802 1306 enim
819 1270 1189 1316 constantinopolitana
1201 1266 1312 1311 sedes,
1339 1274 1398 1300 aut
1414 1266 1657 1302 ordinationem
1667 1271 1760 1314 facit
1777 1269 1896 1315 Bafili.

287 1327 400 1374 nopolz'
420 1337 488 1360 cum
506 1324 668 1370 reliquis,
695 1329 754 1355 aut
764 1331 832 1354 eam
848 1319 1023 1365 permittit
1038 1319 1148 1363 fieri,
1176 1315 1263 1362 ficut
1284 1316 1427 1355 litteris,
1446 1327 1530 1363 quae
1545 1318 1701 1352 iveniunt
1714 1327 1775 1353 aut
1799 1330 1896 1353 vene-

288 1384 391 1412 runt,
419 1370 778 1420 ostenderepoffizmus:
807 1377 839 1403 et
855 1370 1062 1414 petimus,ut
1076 1367 1154 1401 illae
1165 1372 1407 1411 proponantur.
1459 1365 1559 1399 Circa
1575 1365 1662 1400 hanc
1688 1366 1777 1401 Aetii
1794 1368 1894 1402 inter-

288 1424 532 1469 loquutionem
549 1420 635 1454 nihii
657 1417 774 1453 definit
795 1416 995 1456 concilium,
1022 1415 1076 1450 sed
1094 1425 1223 1449 tantum
1251 1412 1435 1448 exclamant
1458 1425 1591 1459 patres,
1626 1425 1663 1450 ut
1686 1427 1829 1451 canones
1848 1427 1897 1451 te.

291 1484 406 1513 aeaut,
442 1469 628 1506 canonibus
646 1466 799 1504 satisfiat:
825 1465 953 1513 judices
968 1477 1080 1499 autem
1099 1462 1280 1498 sententiae
1297 1460 1372 1496 suae
1387 1461 1467 1497 haec
1490 1463 1639 1501 addunt,
1674 1476 1893 1514 quaecumque

292 1533 403 1559 mitem
432 1519 817 1566 Constantinopolitanae
833 1514 1052 1562 sanfiiffimae
1077 1512 1217 1558 eccleyiae
1235 1536 1243 1551 ‚
1280 1510 1320 1544 de
1345 1511 1618 1548 ordinationibus
1641 1517 1893 1559 provinciarum

294 1580 499 1618 competunt,
525 1570 604 1603 haec
625 1569 685 1612 suo
702 1567 819 1602 ordine
846 1577 954 1599 coram
972 1563 1086 1609 sani-io
1110 1561 1246 1595 concilio
1272 1558 1563 1596 examinabuntur.
1622 1563 1896 1598 Nicomediensis

294 1634 378 1657 vero
405 1620 529 1666 gratias
554 1618 624 1662 agit
649 1615 790 1663 justitiae
818 1613 935 1661 judicii
953 1638 962 1650 ,
996 1624 1026 1646 et
1049 1610 1193 1656 diligere
1219 1607 1251 1643 se
1274 1607 1453 1653 profitetur
1477 1607 1897 1657 Constantinopolitanum

295 1669 514 1718 episcopum,
543 1665 597 1701 sed
616 1663 844 1701 obtinentibus
869 1661 1047 1697 canonibus
1064 1658 1228 1705 κρατέντων
1243 1661 1297 1692 τῶν
1322 1659 1453 1692 nardium.

395 1716 469 1754 Ast.
494 1730 504 1750 ι
519 1729 546 1752 ι.
566 1715 628 1751 col.
650 1727 732 1758 700.
750 1726 786 1749 ut
805 1713 871 1759 jam
900 1710 1031 1756 saepius
1057 1708 1326 1745 observavimus,
1364 1706 1486 1740 misere
1511 1705 1736 1752 deprecantur
1755 1709 1870 1745 Afiani
1889 1735 1899 1752 ,

296 1781 333 1805 ut
350 1767 520 1803 ordinatio
537 1763 692 1811 Epheiini
710 1766 743 1798 in
763 1761 936 1809 provincia
967 1759 1023 1794 sua
1048 1757 1125 1793 fiat.-
1162 1758 1202 1792 iis
1228 1755 1260 1791 se
1286 1767 1472 1801 opponunt
1499 1755 1868 1804 Constantinopolitani
1889 1772 1898 1793 :

299 1818 479 1854 concilium
505 1827 588 1850 vero
605 1814 688 1849 nihii
706 1813 798 1848 aliud
817 1809 934 1845 definit
950 1835 959 1850 ,
995 1821 1097 1854 quam
1121 1818 1157 1843 ut
1183 1817 1328 1841 canones
1354 1804 1538 1840 obtineant.
1608 1809 1653 1842 At
1674 1807 1785 1843 clerici
1811 1810 1904 1843 Con.

297 1865 585 1912 stantinopoiitani
600 1863 811 1910 proclamant
828 1872 884 1901 ea,
908 1871 991 1908 quae
1002 1862 1084 1903 sunt
1095 1857 1283 1903 sanft'orum
1300 1864 1436 1901 patrum
1460 1867 1537 1898 150.
1565 1864 1718 1893 teneant,
1751 1859 1901 1904 privile.

293 1920 358 1965 gia
377 1915 670 1960 Constantinopolis
690 1924 729 1948 ne
746 1912 951 1959 depereant,
978 1908 1151 1942 ordinatio
1163 1904 1340 1950 secundum
1360 1916 1481 1939 morem
1508 1904 1548 1938 ab
1575 1906 1815 1952 archiepiscopo
1841 1919 1900 1942 no-

292 1967 360 2013 stro
371 1968 461 2011 fiat.
514 1966 577 1998 Res
594 1976 612 1997 a
629 1962 796 2009 judicibus
815 1961 849 1994 in
866 1956 1062 2002 sequentem
1080 1954 1246 1991 astionem
1265 1951 1430 1988 differtur.
1484 1957 1527 1988 At
1545 1954 1579 1987 in
1601 1966 1636 1988 ea
1652 1954 1739 1989 nihil
1755 1955 1900 2003 circaju-

298 2028 336 2052 ra
351 2012 719 2056 constantinopolitani
735 2008 886 2054 episcopi
905 2008 940 2041 in
958 2006 1169 2041 ordinatione
1189 2001 1346 2049 thefini
1366 2003 1619 2048 pronuntiatur.
1679 2003 1741 2039 Sed
1766 2015 1899 2041 tantum

300 2075 441 2108 uterque
457 2061 633 2107 episcopus
648 2057 837 2104 Ephefinus
855 2055 1052 2101 episcopatu
1069 2053 1241 2100 spoliatur.
1296 2053 1375 2086 Huc
1396 2051 1497 2099 usque
1517 2053 1551 2086 in
1567 2052 1710 2088 coneilio
1720 2053 1903 2090 Chalcedo-

301 2111 391 2148 nenfi
419 2108 785 2154 Constantinopolitani
813 2105 963 2152 episcopi
984 2107 1019 2139 in
1046 2104 1152 2140 Aiiam
1181 2113 1210 2136 et
1236 2104 1384 2136 Pontum
1412 2099 1619 2147 jurisdifflm
1653 2101 1780 2138 multos
1805 2101 1903 2139 nasta

300 2162 413 2199 fuerat
434 2159 666 2195 adversarios,
693 2169 754 2191 nec
771 2156 878 2191 ullum
898 2166 967 2190 erat
985 2157 1020 2189 in
1041 2154 1110 2201 ejus
1128 2152 1268 2196 gratiam
1286 2149 1405 2198 synodi
1421 2149 1600 2197 judicium.

398 2214 444 2246 At
462 2209 520 2244 ubi
538 2208 673 2244 concilii
692 2204 768 2241 finis
792 2204 920 2245 adfuit,
948 2204 1077 2239 curavit
1094 2200 1293 2238 Anatolius,
1322 2211 1358 2234 ut
1381 2199 1456 2245 jura
1479 2197 1535 2233 sua
1561 2200 1597 2234 in
1624 2199 1736 2234 Asiam
1763 2209 1793 2234 et
1816 2202 1902 2236 Pon*

303 2272 375 2298 tum
393 2272 519 2298 canone
537 2257 658 2307 synodi
682 2254 898 2293 sancirentur.
952 2257 1016 2291 Res
1035 2254 1078 2289 ita
1103 2251 1192 2300 gesta
1219 2249 1272 2288 est.
1333 2250 1421 2284 Cum
1447 2245 1577 2284 afflone
1607 2260 1658 2295 ¹5-
1683 2247 1904 2296 propositum

1725 2295 1836 2335 fuisset
1843 2323 1854 2340 ,
