1961 2718
321 215 393 248 44²
550 202 620 238 DE
646 201 923 242 ANTIQUA
948 197 1232 234 ECCLESIAE
1255 195 1598 234 DISCIPLINA

274 292 428 330 nulibus.
479 292 596 338 paucis
614 290 757 337 Angliae
781 302 819 325 ac
837 289 995 325 Franciae
1010 286 1180 334 episcopis
1198 297 1231 322 et
1247 287 1528 333 procuratoribus
1546 299 1667 334 regum
1685 287 1815 324 Galliae
1842 300 1874 325 et

273 342 426 388 Angliae.
479 341 610 376 Deinde
627 341 662 374 in
680 352 721 375 eo
739 339 824 374 nihil
839 338 1024 373 secundum
1041 335 1190 373 formam
1215 336 1424 384 judiciorum
1445 335 1555 372 astum
1575 337 1637 378 est,
1666 350 1736 373 non
1763 337 1808 373 est
1828 338 1876 372 le-

277 392 397 438 gitime
423 391 541 426 citatus
567 400 625 424 aut
645 386 823 424 convictus
847 389 1054 435 imperator,
1103 384 1347 432 episcoporum
1372 398 1450 423 vota
1474 397 1505 421 et
1524 385 1682 432 suffragia
1710 399 1779 423 non
1800 386 1877 423 sunt

275 438 430 485 quaefita.
475 437 632 474 Pontifex
647 450 729 473 vero
747 437 836 472 solus
851 439 890 473 in
908 449 949 472 eo
966 435 1063 472 fimul
1082 447 1152 481 egit
1166 433 1384 477 accusatoris,
1437 435 1525 471 testis
1543 448 1575 470 et
1598 436 1720 483 judicis
1740 448 1875 482 partes,-

276 489 367 524 solus
379 490 470 523 enim
479 488 701 524 Fredericum
716 485 894 527 accusavit,
921 485 1011 521 solus
1030 483 1260 520 testimonium
1277 485 1312 518 in
1330 496 1408 520 eum
1427 485 1528 526 dixit,
1564 483 1654 520 solus
1678 485 1878 521 sententiam

276 538 528 585 pronunciavit.
579 537 736 581 Denique
752 535 933 571 concilium
949 536 984 570 in
1000 533 1082 570 affls
1101 546 1159 569 aut
1167 533 1446 579 inscriptionibus
1466 533 1634 579 nusquam
1659 534 1812 580 generale
1830 534 1878 569 di-

276 587 381 623 eitur:
407 587 592 632 nequidem
609 585 649 620 ab
667 585 866 620 Innocentio
881 596 936 620 aut
953 583 1138 619 concilium
1156 594 1380 627 convocante,
1431 596 1489 619 aut
1509 585 1545 618 in
1569 595 1610 619 eo
1627 585 1878 630 pronunciante

277 636 345 671 hoc
361 636 499 671 nomine
515 635 680 677 donatur;
708 634 834 678 ubique
853 635 943 668 enim
959 633 1066 679 leges,
1088 634 1185 677 sacro
1205 633 1378 678 praesente
1393 634 1545 673 concilio,
1597 645 1665 668 non
1685 633 1876 679 universali

279 694 316 722 et
334 685 453 730 sanfia
472 684 613 731 synodo.
665 682 798 718 Deinde
821 694 898 717 cum
923 681 966 717 ad
990 681 1175 717 concilium
1202 681 1394 726 generalius
1421 693 1624 726 provocaret
1651 681 1875 718 Thaddaeus.

281 745 352 769 non
372 732 555 778 respondet
572 730 728 778 pontifex
746 733 811 765 hoc
830 729 892 765 effe
911 729 1115 769 universale,
1143 729 1200 763 sed
1217 741 1348 764 tantum
1371 728 1447 764 satis
1473 729 1535 765 esse
1562 730 1661 770 dicit,
1696 729 1880 765 concilium

281 782 438 829 generale
455 781 655 816 multorum.
689 779 794 813 Unde
811 779 985 824 colligitur
1001 777 1184 813 concilium
1202 788 1272 811 non
1292 777 1488 822 simpliciter
1512 778 1665 823 generale
1680 778 1797 820 fuisse,
1825 778 1881 814 sed

278 842 412 868 tanturn
429 831 626 865 multorum.
677 829 827 862 nemum
845 839 862 861 e
877 826 1046 861 veteribus
1064 824 1306 871 scriptoribus,
1336 825 1395 869 qui
1418 825 1488 873 ejus
1506 828 1715 861 mentionem
1731 827 1858 862 faciunt
1871 852 1880 868 ,

281 880 393 916 nullus
412 878 493 913 illud
513 875 667 923 generale
682 875 882 922 adpellavit,
911 888 980 911 non
997 874 1191 910 Matthaeus
1202 873 1408 913 Parifienfis,
1435 886 1505 909 non
1526 874 1687 910 Albertus
1705 876 1882 918 Smdenfis,

280 942 353 965 non
369 927 605 968 Trithemius,
633 937 704 962 non
721 925 923 965 Palmerius,
952 936 1023 959 non
1041 923 1187 960 matina,
1212 936 1232 958 a
1246 924 1368 968 quibus
1387 923 1551 970 generalis
1579 924 1715 958 concilii
1740 926 1880 960 nomine

281 990 351 1012 non
368 978 525 1012 donatur.
577 977 732 1016 Primus,
767 975 827 1020 qui
842 975 909 1009 hoc
936 974 1074 1008 nomine
1092 971 1206 1019 ipsum
1225 973 1405 1014 decoravit,
1423 974 1561 1008 videtur
1575 972 1635 1009 effe
1657 973 1881 1021 onuphrius,

277 1025 336 1064 sed
354 1039 438 1072 quas
453 1025 494 1060 ad
508 1025 691 1060 concilium
710 1023 863 1070 generale
873 1023 1087 1058 conditiones
1105 1022 1270 1067 requirat,
1289 1021 1448 1058 nescitur.

429 1073 647 1121 Respondent
664 1073 741 1111 alii,
794 1073 869 1108 dato
888 1072 982 1118 quod
1009 1071 1113 1108 fuerit
1131 1072 1283 1118 generale
1299 1072 1364 1107 hoe
1384 1070 1565 1107 concilium
1578 1096 1588 1111 ,
1641 1082 1753 1108 errare
1768 1071 1883 1118 ipsum

278 1122 428 1172 potuisse
445 1126 479 1158 in
497 1123 661 1170 praesenti
681 1120 888 1167 quaestione,
919 1134 1004 1168 quae
1021 1122 1141 1168 potius
1162 1119 1242 1155 faffl
1257 1119 1319 1161 est,
1349 1132 1449 1166 quam
1459 1120 1568 1169 juris;
1594 1131 1654 1171 neq
1667 1122 1757 1156 enim
1768 1121 1883 1157 eitum

277 1172 326 1209 est
342 1175 377 1208 in
392 1186 428 1208 ea
445 1171 578 1221 synodo
595 1172 637 1207 de
653 1172 727 1219 jure
743 1170 935 1218 pontificis,
961 1170 1017 1206 sed
1035 1169 1214 1217 supposito
1223 1170 1292 1217 ejus
1316 1170 1409 1216 jure,
1445 1167 1645 1215 quaefiturn,
1663 1181 1778 1205 utrum
1804 1169 1882 1207 ess'et

280 1223 363 1258 diris
382 1222 597 1257 devovendus
615 1222 813 1256 Fredericus
834 1220 878 1256 ob
897 1221 1048 1255 crimina.
1103 1221 1204 1255 Hanc
1231 1218 1480 1266 responsionem
1505 1216 1682 1253 confirmet
1706 1220 1880 1255 Leunoius

280 1285 301 1306 a
316 1271 431 1311 sunm,
459 1273 495 1305 in
511 1272 571 1308 iis,
598 1283 684 1315 quae
702 1270 924 1305 Bellarminus
948 1267 1088 1315 profert
1110 1268 1170 1305 lib.
1192 1280 1221 1313 5.
1249 1269 1289 1303 de
1312 1272 1468 1304 Romano
1492 1267 1673 1314 pontifice,
1726 1270 1881 1304 Honorii

279 1332 389 1365 papae
407 1318 537 1353 causam
552 1330 655 1363 agens
667 1343 675 1358 ,
702 1330 798 1353 tomo
813 1318 959 1362 septimo
979 1317 1214 1363 epistolarum,
1240 1316 1379 1362 epistola
1391 1317 1545 1363 septima.
1595 1317 1756 1362 Denique
1764 1319 1879 1354 etiam-

281 1368 307 1403 fi
325 1366 509 1402 concilium
524 1366 654 1410 aliquid
668 1367 705 1400 in
724 1377 822 1411 reges
839 1366 899 1399 fibi
917 1367 1107 1403 autoritatis
1125 1364 1331 1410 usurpasset,
1382 1378 1452 1399 non
1478 1375 1672 1399 tenerentur
1693 1377 1879 1412 propterea

278 1416 342 1462 ipfi
361 1416 400 1450 de
416 1414 490 1462 jure
506 1413 569 1450 suo
585 1414 720 1449 cedere:
748 1425 826 1449 nam
843 1424 903 1448 nec
918 1413 1098 1448 concilium
1116 1414 1288 1458 generale,
1340 1425 1403 1448 nec
1420 1412 1548 1448 ecclesia
1573 1424 1643 1448 tota
1659 1413 1766 1460 potest
1789 1417 1878 1461 regi-

279 1465 345 1500 bus
360 1465 415 1511 jus
436 1464 599 1509 regnandi
617 1462 695 1508 ipsis
712 1475 730 1497 a
744 1465 820 1498 Deo
838 1462 954 1497 datum
972 1461 1122 1500 auferre,
1150 1473 1208 1496 aut
1222 1473 1283 1507 per
1299 1460 1470 1496 ecclefiam
1493 1459 1620 1496 auferri
1646 1461 1741 1508 posse
1761 1463 1876 1499 decer.

277 1526 370 1548 nere.
420 1513 484 1548 Sed
500 1511 570 1547 istis
588 1510 884 1558 responsionibus,
913 1522 999 1555 quae
1015 1509 1172 1545 nonnihil
1190 1510 1314 1546 habent
1331 1509 1498 1552 invidiae,
1529 1513 1580 1546 uti
1596 1510 1719 1548 necess'e
1733 1525 1804 1551 nen
1814 1511 1873 1555 est,

277 1574 355 1599 eum
376 1563 489 1609 prima
510 1559 660 1599 sufficiat.

674 1722 735 1761 De
764 1721 932 1762 Ludovici
960 1722 1178 1772 imperatoris
1202 1724 1473 1762 exautoratione.

277 1833 569 1928 Duodecimum
601 1851 635 1879 et
666 1845 819 1879 ultimum
850 1844 1053 1878 Bellarmim'
1082 1844 1263 1890 exemplum
1296 1845 1339 1889 est
1374 1846 1547 1882 Clementis
1565 1845 1674 1890 sexti,
1725 1849 1784 1894 qui
1806 1845 1874 1883 Lu·

418 1891 572 1927 dovicum
597 1894 831 1939 imperatorem
855 1905 876 1926 a
902 1892 1041 1935 Joanne
1064 1891 1188 1928 XXII.
1225 1900 1258 1927 et
1289 1894 1469 1932 BenediHo
1496 1893 1580 1930 XII.
1618 1899 1876 1939 excommunica.

276 1953 347 1979 tum
366 1942 528 1986 deposuit.
1150 1943 1152 1945 ’

421 1987 646 2034 Respondeo,
673 1999 775 2033 quam
793 1989 950 2034 iniquum
967 1988 1075 2025 fuerit
1091 1987 1180 2025 istud
1194 1987 1343 2031 fastum,
1373 1989 1451 2037 ipsa
1473 1991 1568 2027 docet
1598 1991 1748 2027 historia.
1799 1994 1872 2028 Lu-

276 2037 419 2075 dovicus
437 2038 585 2071 anarus
602 2048 621 2070 a
638 2037 763 2083 majori
779 2049 875 2083 parte
891 2037 1076 2074 elestorum
1093 2038 1135 2073 ad
1155 2039 1339 2084 imperium
1355 2051 1534 2085 promotus
1552 2040 1615 2081 est,
1651 2052 1750 2075 nemo
1767 2053 1787 2074 a
1808 2044 1870 2075 Pe.

276 2099 334 2123 tro
350 2084 576 2131 Magumino,
602 2084 767 2121 Balduino
785 2087 996 2128 Trevirenfi‚
1023 2089 1156 2134 Jonnne
1169 2099 1249 2133 rege
1265 2088 1468 2127 Bohemiae,
1494 2101 1526 2125 et
1543 2089 1762 2125 Woldemaro
1775 2092 1870 2129 Man,
1914 2085 1921 2092 ’

273 2138 395 2172 chione
413 2133 709 2178 Brandeburgenfi.
762 2136 832 2170 Alii
852 2149 932 2172 vero
949 2135 1111 2171 electores
1129 2148 1287 2177 numero,
1315 2149 1351 2172 ut
1368 2150 1476 2183 patet,
1512 2141 1710 2184 pauciores,
1744 2139 1869 2173 Frede-

274 2197 385 2220 ncum
402 2181 614 2219 Austriacum
632 2183 876 2229 imperatorem
898 2185 1087 2231 designant,
1111 2185 1278 2220 Ludovici
1298 2183 1478 2227 elegiam,
1505 2190 1559 2222 cui
1587 2199 1686 2222 nemo
1712 2185 1868 2227 intercess

270 2233 367 2274 serat,
384 2234 452 2284 jam
468 2231 615 2279 perusta.
666 2233 909 2272 Nihilominus
923 2233 1234 2285 pontifex-joannes
1254 2237 1359 2278 XXII.
1380 2235 1459 2274 huic
1474 2234 1578 2277 favit,
1604 2249 1636 2274 et
1652 2235 1866 2280 confirmata„

1737 2295 1815 2331 sen!
