1982 2739
327 241 395 272 ψ
545 230 615 265 DE
650 227 930 271 ANTIQUA
970 214 1262 263 rectamne
1318 227 1653 267 maeret-„mii

427 319 607 353 Caeterum
634 315 712 350 licet
739 328 776 350 ea
803 314 910 350 fuerit
934 313 1086 349 eeclesiae
1102 315 1273 351 ordinaria
1294 313 1489 362 disciplina,
1524 330 1646 364 negare
1677 328 1789 354 tamen
1824 330 1894 355 noe

279 369 359 405 lim.
386 368 470 413 quin
491 377 600 401 extent
621 365 788 400 nonnulla
816 366 987 410 exempla,
1024 365 1148 408 quibus
1174 366 1313 411 probari
1343 366 1494 408 videtur,
1523 368 1609 403 hanc
1634 369 1897 414 nonnunquam'

280 416 490 452 observatam
507 415 651 451 minime
669 413 778 450 fuisse.
834 417 963 448 Verum
981 416 1098 460 primo
1115 415 1184 461 juri
1202 426 1233 449 et
1252 415 1488 451 consuetudini
1506 418 1699 458 ordinariae
1723 416 1883 453 standum

280 466 344 508 est,
374 480 443 503 non
460 465 625 511 exemplis
643 462 843 509 quibusdam
861 464 942 498 hinc
959 474 991 498 et
1008 463 1089 498 inde
1112 465 1238 510 petitia.

425 515 598 555 Secundo,
635 512 887 548 observandum
915 511 970 553 est,
989 512 1023 547 id
1047 525 1066 548 a
1085 525 1203 550 natura
1227 513 1361 550 insitum
1388 511 1451 548 esse
1479 513 1642 548 omnibus
1667 514 1888 557 hominibus,

276 578 327 604 ut,
339 578 447 612 quum
464 564 614 609 iniquius
632 561 741 597 secum
761 560 874 597 astum
891 561 956 596 esse
975 573 1116 609 putant,
1144 563 1186 598 ad
1202 575 1258 598 eos
1286 562 1506 609 confugiant,
1536 565 1594 608 qui
1622 563 1768 609 aliquam
1793 575 1889 600 auto-

278 618 415 653 ritatem
436 614 576 653 habent,
603 624 636 646 et
652 611 746 658 apud
767 624 853 656 quos
874 612 1020 656 aliquam
1040 614 1181 657 gratiam
1201 612 1330 658 sperare
1352 611 1489 658 possunt
1508 626 1514 645 z
1532 613 1612 647 hinc
1627 614 1782 648 videmus
1801 614 1889 648 mul-

279 678 333 701 tos
351 678 369 700 a
391 664 529 713 synodis
547 664 743 701 damnatos,
763 674 830 696 n-on
851 661 957 696 solum
975 661 1014 695 ad
1034 661 1230 707 pontificem
1249 668 1439 698 Romanum
1454 687 1462 702 ,
1477 659 1546 696 ‘sed
1575 674 1819 707 nonnunquam
1845 662 1887 697 ad

279 717 520 762 imperatores,
544 712 727 755 aliquando
745 711 787 744 ad
808 712 887 745 alias
907 710 1013 749 sedes,
1041 723 1073 745 et
1094 712 1223 756 saepius
1243 711 1283 746 ad
1304 712 1450 757 majores
1467 709 1614 758 synodos
1633 709 1832 757 confugisse.

428 763 571 800 Tertio,
597 760 712 794 eadem
730 760 772 793 de
790 759 884 794 causa
906 759 1021 793 videre
1047 759 1092 795 est
1117 760 1272 797 homines
1299 762 1333 795 in
1366 760 1423 795 sua
1448 761 1625 805 provincia
1649 761 1825 796 damnatos
1844 761 1895 796 abs

278 814 354 848 aliis
379 811 522 858 synodis
538 820 706 856 purgatos
724 806 838 845 fuisse,
866 820 972 852 quum
991 809 1191 855 praesertim
1215 809 1422 847 accusatores
1441 809 1522 855 ipsi,
1550 822 1607 844 aut
1627 810 1756 858 judices
1774 809 1887 856 poste·

280 874 351 898 rius
370 859 458 896 istud
479 859 646 906 judicium
664 870 733 891 non
753 856 960 893 recusabant.

427 913 580 954 Quarto,
609 906 797 942 innumeris
814 907 894 940 licet
913 906 1099 941 canonibus
1116 905 1193 942 esset
1213 908 1376 945 vetitum,
1405 919 1447 942 ne
1466 908 1542 951 quis
1557 908 1889 943 excommunicatum

277 963 312 997 in
326 960 608 996 communionem
626 954 828 1002 susciperet;
856 967 999 990 attamen
1018 956 1076 991 ubi
1090 955 1311 1003 perspicuum
1330 956 1578 1002 erat‚aliquem
1597 967 1813 992 innocentem
1825 968 1889 1003 pet

278 1014 349 1046 vim
371 1037 379 1050 ,
408 1010 461 1044 vel
479 1021 543 1055 per
561 1008 704 1052 gratiam
716 1032 725 1046 ,
753 1016 812 1040 aut
829 1004 946 1040 omissa
963 1004 1114 1050 legitima
1133 1005 1304 1052 judicandi
1328 1004 1444 1041 forma
1463 1005 1661 1040 damnatum
1679 1004 1740 1040 esse
1752 1031 1760 1046 ‚
1773 1031 1776 1033 Α
1788 1016 1888 1051 pote-

277 1071 328 1096 rat
346 1059 386 1094 ab
404 1059 479 1094 aliis
497 1057 665 1104 episcopis
683 1060 717 1090 'in
735 1056 1017 1091 communionem
1038 1053 1180 1101 suscipi,
1207 1056 1278 1090 imo
1297 1065 1329 1088 et
1347 1053 1485 1090 restitui.

430 1110 561 1151 Quinto
581 1106 728 1150 denique
744 1130 753 1142 ‚
780 1117 857 1140 cum
877 1117 995 1139 omnes
1015 1102 1167 1150 episcopi
1185 1116 1294 1139 unum
1319 1116 1355 1139 ac
1378 1103 1527 1140 solidum
1553 1101 1698 1137 habeant
1721 1102 1893 1149 episcopa·

277 1172 350 1196 tum
363 1187 370 1199 ,
399 1158 441 1194 ad
460 1157 609 1203 singulos
629 1168 749 1191 eorum
768 1152 894 1200 speaat
910 1154 1080 1189 laboranti
1096 1153 1243 1188 ecclesiae
1260 1155 1295 1188 in
1312 1155 1410 1199 gravi
1434 1152 1620 1188 necestitate
1639 1151 1834 1187 succurrere
1852 1153 1889 1195 in

279 1211 396 1256 quavis
416 1208 535 1242 mundi
553 1217 659 1252 parte.
713 1207 818 1239 Tunc
835 1205 923 1238 enim
944 1216 1062 1238 omnes
1083 1202 1233 1250 episcopi
1252 1202 1330 1238 funt
1349 1202 1607 1248 quodammodo
1632 1200 1711 1236 fidei
1734 1213 1766 1237 et
1791 1213 1903 1236 cano-.

279 1271 362 1293 num
395 1256 545 1289 vindices
563 1279 571 1290 ‚
610 1253 747 1297 quando
775 1252 891 1286 vident
919 1252 1111 1296 periculum
1130 1251 1192 1286 esse
1209 1277 1219 1292 ‚
1246 1264 1289 1285 ne
1304 1263 1362 1286 aut
1379 1251 1462 1285 fides
1487 1251 1732 1284 detrimentum
1760 1250 1886 1295 capiat.

279 1319 336 1343 aut
358 1306 447 1349 leges
466 1301 695 1337 ecclesiasticae
707 1300 897 1335 violentur,
925 1311 985 1332 nec
1002 1299 1126 1332 debent
1144 1298 1229 1332 stare
1247 1298 1360 1342 segnes
1379 1311 1411 1333 et
1428 1297 1544 1334 otiosi,
1571 1297 1625 1331 sed
1647 1297 1808 1332 omnibus
1818 1310 1889 1332 mo-

280 1358 332 1391 dis
349 1354 502 1388 laborare
522 1363 580 1385 eos
597 1358 752 1395 oportet,
780 1345 917 1382 ursides
945 1349 979 1381 in
1005 1359 1076 1381 tuto
1101 1345 1156 1386 sit,
1185 1358 1290 1391 utque
1317 1358 1462 1381 canones
1487 1345 1718 1380 observentur.
1772 1347 1889 1393 Hujus

278 1404 456 1441 sententiae
472 1412 570 1435 autor
580 1400 624 1433 est
634 1398 839 1445 Cyprianus,
851 1397 911 1441 qui
931 1395 1046 1430 multis
1064 1397 1098 1429 in
1116 1394 1343 1437 occasionibus
1359 1408 1431 1430 eam
1449 1394 1612 1439 sequutus
1622 1393 1675 1429 est.
1690 1394 1891 1430 Praesertim

282 1466 377 1493 vero,
391 1462 499 1496 quum
511 1446 689 1483 Bafilidem
707 1458 738 1479 et
750 1445 946 1480 Martialem
959 1443 1134 1488 Hispanos
1155 1443 1289 1477 sedibus
1309 1444 1376 1478 suis
1389 1444 1610 1479 restituendos
1637 1456 1705 1478 non
1727 1442 1789 1478 esse
1805 1444 1894 1491 judi·

280 1504 386 1541 cavit,
411 1511 469 1535 aut
492 1509 599 1543 quum
624 1493 836 1534 Mattianum
858 1491 1088 1527 Arelatensem
1108 1491 1352 1537 deponendum
1371 1491 1432 1526 esse
1448 1491 1575 1538 scripsit
1592 1493 1635 1528 ad
1662 1493 1888 1539 Stephanum.

281 1551 442 1588 Similiter
460 1545 647 1594 Dionysius
664 1542 913 1578 Alexandrinus
935 1554 966 1576 et
982 1540 1204 1576 Firmilianus
1223 1540 1385 1586 Capadox
1403 1539 1444 1574 ad
1470 1542 1613 1575 Paulum
1637 1542 1891 1577 Antiochenum

281 1599 512 1638 damnandum
529 1604 799 1632 concurrerunt3
826 1603 857 1625 et
881 1591 934 1625 his
958 1591 1134 1636 antiquior
1153 1593 1314 1625 Iraeneus
1341 1588 1463 1624 Gallus
1490 1587 1666 1624 Vistorem
1694 1582 1895 1626 Romanum*

281 1648 501 1697 reprehendit
521 1646 562 1681 de
584 1641 931 1678 excommunicatione
956 1641 991 1674 in
1007 1641 1147 1676 Asianos
1165 1638 1426 1683 lata,suumque
1443 1638 1609 1685 judicium
1627 1639 1715 1674 inter
1739 1638 1892 1681 ecclesiae

282 1699 518 1737 celeberrimas
545 1690 761 1740 interposuit.
817 1688 894 1725 Post
914 1689 993 1722 haec
1012 1691 1178 1724 Gallicani
1196 1689 1347 1733 episcopi
1373 1686 1413 1721 de
1432 1685 1529 1722 Afris
1546 1687 1714 1734 judicium
1723 1687 1909 1729 tulerunt.''

282 1752 437 1798 primum
463 1747 497 1781 ln
516 1743 647 1793 synodo
667 1744 836 1779 Romana,
859 1738 978 1772 deinde
995 1739 1029 1772 in
1050 1736 1237 1771 Arelatensi.
1267 1739 1304 1770 In
1330 1737 1405 1771 Arii
1424 1736 1645 1772 Alexandrini
1661 1735 1773 1778 causa,
1789 1736 1894 1773 Ofius'

283 1796 511 1836 Cordubensis
536 1794 637 1842 judex
653 1803 685 1827 et
701 1790 826 1826 arbiter
844 1787 934 1823 sedet
950 1788 983 1822 in
1004 1785 1138 1834 synodo
1157 1785 1390 1821 Alexandrina.
1446 1785 1645 1821 Athanasius
1664 1787 1699 1820 in
1716 1788 1828 1834 Tyria
1847 1785 1890 1822 ab

286 1847 508 1884 orientalibus
526 1845 725 1879 damnatus,
751 1840 791 1874 ab
811 1837 1071 1874 occidentalibus
1089 1837 1122 1870 in
1147 1833 1326 1870 Sardicensi
1353 1834 1526 1870 absolutus
1552 1833 1607 1871 est.
1660 1835 1828 1871 Photinus
1845 1835 1888 1871 ab

287 1896 508 1934 orientalibus
527 1906 631 1938 aeque
648 1903 684 1926 ac
701 1890 741 1925 ab
762 1886 1023 1924 occidentalibus
1045 1883 1267 1932 proscriptus.
1298 1883 1559 1931 Chrysostomus
1583 1885 1618 1918 in
1644 1882 1785 1919 consilio
1810 1896 1890 1920 con·

287 1944 585 1991 stantinopolitano
603 1941 825 1977 Asiaticorum
843 1936 1082 1982 episcoporum
1102 1934 1184 1970 nihil
1202 1933 1242 1968 ad
1261 1931 1292 1967 se
1309 1935 1559 1979 pertinentium
1577 1933 1707 1969 causam
1725 1930 1889 1969 traaavi't:

289 1997 378 2031 idem
398 1994 566 2028 laboranti
584 1989 766 2037 Ephesinae
789 1985 938 2022 ecclesiae
955 1985 1122 2020 succurrit
1140 1995 1173 2019 et
1187 1983 1342 2019 ordinato
1361 1983 1407 2023 ibi
1437 1983 1599 2030 episcopo
1625 1981 1772 2018 ecclesias
1795 1981 1891 2018 Aliae

289 2045 510 2083 reformavit,
538 2041 627 2075 unde
647 2036 756 2074 diElus
780 2035 824 2070 est
843 2048 908 2070 non
926 2033 1018 2069 suam
1044 2045 1175 2073 tantum
1191 2058 1199 2074 ‚
1233 2030 1288 2066 sed
1317 2044 1347 2067 et
1372 2033 1517 2068 aliorum
1547 2031 1718 2067 universas
1744 2031 1891 2068 ecclesias

291 2085 424 2132 curasse.
479 2090 639 2125 Eusebius
658 2085 891 2122 Samosata-nus
912 2083 1073 2130 grassante
1090 2082 1239 2118 Valentis
1255 2080 1514 2126 persequutione
1541 2083 1644 2117 totius
1671 2083 1813 2116 orientis
1837 2092 1912 2116 cu-'

292 2157 364 2181 ram
391 2140 500 2188 gessit,
529 2151 561 2174 et
576 2139 703 2182 ubique
723 2134 899 2181 episcopos
918 2133 1104 2168 clanculum
1122 2131 1300 2167 ordinavit.
1329 2130 1478 2178 Cyrillus
1500 2130 1747 2166 Alexandrinus
1762 2131 1797 2164 in
1815 2132 1892 2165 Ne-

292 2193 434 2230 storium
462 2188 652 2225 insurrexit.
707 2185 798 2219 Idem
824 2187 989 2232 Joannem
1022 2181 1273 2217 Antiochenum
1301 2179 1483 2217 damnavit,
1500 2191 1531 2214 et
1558 2178 1698 2214 vicissim
1717 2190 1734 2213 a
1761 2181 1892 2226 Joanne

294 2245 472 2278 damnatus
493 2239 547 2274 est.
600 2235 812 2273 Priscilianus
829 2246 859 2267 et
887 2232 1061 2267 instantius
1088 2230 1237 2276 Hispani
1266 2228 1418 2275 episcopi
1439 2230 1473 2262 in
1502 2228 1634 2275 synodo
1661 2226 1893 2273 Burdigalenfi

294 2292 477 2328 exautorati
495 2287 581 2325 sunt.
660 2284 812 2330 Pelagius
847 2284 1032 2318 Britannus
1052 2291 1083 2316 et
1109 2278 1287 2316 Caelestius
1311 2277 1408 2314 Asiae
1423 2277 1602 2326 presbyter
1620 2277 1662 2314 ab
1685 2274 1781 2313 Afris
1797 2275 1895 2332 dam.

1762 2335 1842 2364 ..ΙΙ-

1704 2402 1721 2414 1⁴
