2022 2733
289 215 796 253 DISSERTATIONES
833 211 1183 256 HtSTORlCAE.
1220 223 1478 256 Danuvii.
1586 234 1653 266 35,

112 281 122 295 X

87 308 183 344 Deo.-
210 317 314 354 neque
331 308 446 355 igitur
456 308 518 351 fas
535 305 594 352 est,
623 303 716 340 uobis
735 307 772 340 in
791 310 894 342 terris
911 310 1090 354 imperium
1108 318 1239 349 tenere,
1268 321 1370 357 neque
1392 319 1429 346 tu
1448 311 1700 357 thymiamatum

85 367 119 392 et
131 359 300 402 sacrorum
316 355 509 403 potestatem
536 353 632 390 lzabes
655 358 854 401 imperator.
936 360 1029 391 Haec
1048 371 1189 405 magnus
1217 359 1270 393 ille
1292 359 1413 399 Oiius,
1443 359 1567 403 quibus
1588 358 1697 394 docet,

84 406 172 442 nihil
183 405 268 453 plus
286 405 372 453 juris
391 402 455 439 ess‘e
473 403 642 452 episcopis
661 405 694 438 in
711 404 908 451 potestatem
928 406 1073 446 civilem,
1097 420 1199 454 quarn
1220 409 1358 455 regibus
1379 411 1414 445 in
1433 408 1696 445 ecclesiasticam.

839 608 865 649 §.
902 611 944 642 V.

131 709 174 748 In
200 714 266 758 quo
294 707 409 755 quinto
435 711 636 754 'argumento
663 705 842 747 evincitur,
897 705 1055 758 ecclcssam
1089 709 1123 745 in
1150 709 1352 757 temporalia
1376 708 1501 746 nullam
1528 706 1650 745 habere

254 769 510 811 auHoritatetm
544 783 581 807 eo
607 769 701 819 quod
720 783 784 818 per
808 771 874 807 vim
900 771 1118 820 gladiumque
1142 774 1347 811 materialem
1374 773 1521 809 hanzines

684 846 803 882 cogere
824 835 954 871 minime
972 834 1086 887 JJoffit-

78 932 144 1028 Si
171 957 236 990 qua
263 944 358 980 foret
386 943 532 979 ecclesiae
560 945 593 978 in
620 944 824 990 temporalia
851 945 1012 991 potestas,
1042 945 1185 981 dubium
1215 947 1348 983 nullum
1376 947 1440 986 est,
1477 948 1558 992 quin
1589 945 1697 993 posset

157 995 380 1041 temporalem
408 994 556 1038 aliquam
584 1006 750 1041 poenam,
776 1007 862 1041 puta
890 1008 1057 1036 mortem,
1096 995 1326 1043 supplicium,
1362 1010 1417 1033 aut
1445 996 1558 1032 saltem
1587 997 1694 1031 bono-

22 1058 25 1059 ’
76 1056 156 1080 rum
172 1045 402 1091 privationem
422 1043 594 1089 infligere,
623 1043 717 1088 q-uod
746 1046 845 1079 etiam
872 1044 913 1079 ab
939 1046 1138 1081 adversariis
1162 1046 1391 1093 supponitur,
1417 1060 1493 1082 cum
1518 1046 1598 1081 inde
1615 1059 1695 1092 pro-

42 1095 50 1102 *
79 1094 178 1132 bant,
205 1106 305 1139 reges
322 1095 358 1128 in
376 1105 524 1139 poenam
542 1093 645 1127 laesae
664 1092 742 1128 fidei
760 1093 799 1128 ab
818 1094 949 1129 ecclefia
966 1098 1081 1140 regnis
1100 1098 1230 1141 privari
1250 1095 1362 1141 posse,
1391 1096 1597 1140 illorumque
1619 1096 1694 1131 fub-

77 1144 170 1178 ditos
187 1155 205 1177 a
224 1142 290 1177 fide
304 1154 337 1177 et
355 1142 549 1177 obedientia
567 1143 676 1177 eximi.
729 1145 864 1178 Verum
891 1145 980 1178 enim
1008 1157 1088 1179 vero
1116 1145 1200 1179 nihil
1224 1145 1267 1179 est
1293 1147 1432 1186 certius,
1463 1158 1563 1191 quam
1595 1146 1693 1181 eccle-

76 1193 158 1228 fiam
175 1205 248 1227 non
267 1191 391 1226 habere
408 1192 518 1226 ullum
535 1191 587 1238 jus
604 1192 862 1238 puniendorum
879 1194 1062 1230 noxiorum
1079 1197 1199 1240 poenis
1216 1208 1246 1229 et
1264 1195 1429 1242 supplicis
1447 1197 1616 1241 corporis,
1633 1206 1692 1230 aut
1722 1222 1726 1223 γ

23 1244 25 1247 ’
77 1244 174 1277 etiam
202 1241 377 1277 bonorum
403 1242 605 1286 privatione.
675 1242 872 1276 lnauditum
899 1254 987 1277 certe
1010 1243 1055 1278 est
1078 1244 1168 1288 apud
1186 1245 1362 1289 antiquos,
1395 1257 1602 1289 quemquam
1627 1245 1692 1279 alia

77 1304 180 1336 quam
201 1291 562 1326 excommunicationis
582 1299 641 1323 aut
657 1289 883 1335 depositionis
901 1303 1012 1336 poena
1029 1291 1126 1326 fuisse
1142 1292 1183 1326 ab
1202 1293 1332 1327 ecclelia
1357 1291 1578 1335 mulssatum3
1607 1295 1691 1339 quin

77 1354 94 1375 e
110 1351 225 1375 contra
244 1338 374 1373 ecclesia
392 1339 532 1383 agnovit
551 1337 679 1371 nullam
701 1339 802 1373 aliam
822 1338 882 1373 fibi
899 1340 1094 1385 potestatem
1115 1340 1185 1381 effe,
1214 1343 1346 1388 quippe
1366 1353 1443 1377 cuin
1464 1354 1532 1380 eos,
1543 1344 1601 1387 qui
1621 1342 1690 1378 suit

76 1388 218 1424 decretis
235 1387 514 1430 adversabantur,
542 1387 576 1422 in
603 1387 743 1423 exilium
772 1388 863 1435 ejici,
894 1401 924 1424 ct
947 1389 1045 1425 bonis
1070 1390 1228 1432 multari,
1259 1403 1300 1425 ne
1326 1392 1441 1426 turbas
1466 1394 1612 1427 cierent,
1640 1405 1691 1427 ex·

74 1440 216 1486 petivit,
244 1439 471 1484 imperatores
489 1435 621 1483 semper
639 1449 696 1472 aut
712 1436 926 1483 magistratus
949 1440 1064 1474 civiles
1082 1441 1183 1480 adiit,
1212 1452 1251 1475 ut
1268 1441 1348 1476 haec
1366 1454 1478 1488 poena
1496 1441 1628 1487 legibus
1648 1444 1691 1477 ci·
1720 1483 1724 1486 .

73 1487 199 1523 vilibus
216 1489 250 1522 in
271 1500 327 1522 eos
345 1486 538 1522 sanciretur.
592 1487 687 1520 Adeo
713 1487 910 1532 persuasum
934 1501 1022 1526 erat,
1050 1490 1111 1536 ipsi
1131 1490 1258 1525 nullam
1286 1490 1319 1525 se
1342 1489 1539 1538 potestatem
1565 1491 1690 1526 habere

73 1537 273 1584 hujusmodi
303 1548 493 1583 poenarum
516 1535 550 1568 in
571 1547 779 1578 quemquam
803 1536 1105 1576 decernendarum.
1157 1543 1199 1575 Et
1216 1541 1356 1585 quidem
1377 1540 1495 1576 multis
1515 1543 1612 1576 annis
1638 1553 1689 1576 ec·

74 1587 168 1623 clefia
185 1586 278 1621 civili
293 1587 474 1620 autoritate
490 1583 650 1619 adversus
671 1584 856 1619 haereticos
882 1599 913 1620 et
935 1587 1079 1623 rebelles
1105 1591 1248 1624 minime
1273 1589 1330 1625 usa
1356 1590 1419 1630 est,
1449 1592 1529 1634 quia
1554 1590 1688 1626 nullum

74 1635 231 1683 sperabat
247 1634 287 1669 ab
306 1634 574 1681 imperatoribus
593 1634 738 1668 ethnicis
753 1634 928 1669 auxilium.
988 1639 1043 1672 Ut
1061 1649 1098 1674 ut
1119 1639 1174 1678 fir,
1200 1640 1353 1684 primum
1372 1640 1496 1685 legitur
1525 1642 1689 1674 autorita-

74 1697 143 1721 tem
161 1685 295 1720 civilem
314 1681 511 1730 implorasse
527 1682 675 1718 iri-causa
695 1683 1015 1725 PauliSamosa'teni,
1044 1698 1120 1721 cum
1140 1687 1195 1721 ille
1207 1690 1418 1736 Antiochena
1433 1690 1509 1723 sede
1528 1687 1688 1737 dejessm,

75 1735 180 1771 domo
197 1745 230 1769 et
247 1734 376 1769 ecclelia
395 1732 580 1779 episcopali
596 1733 716 1767 cedere
734 1733 855 1772 nollet,
886 1746 971 1777 quae
990 1747 1042 1769 res
1063 1735 1226 1771 ecclesiam
1250 1741 1360 1783 coegit
1381 1739 1606 1773 Aurelianum
1627 1740 1689 1773 im-

71 1796 267 1831 peratorem
284 1784 386 1820 adire,
397 1795 434 1817 ut
453 1783 533 1817 inde
551 1782 803 1816 exturbaretur:
842 1784 900 1826 qui
920 1785 1104 1830 imperator
1119 1785 1197 1820 licet
1215 1787 1348 1831 gentilis
1365 1788 1557 1832 prudenter
1578 1789 1687 1824 omni-

71 1847 118 1869 no
135 1833 265 1874 statuit,
293 1832 460 1868 ecclefiam
480 1844 510 1866 et
531 1832 674 1867 domum
692 1831 921 1878 eptstopalem
940 1834 968 1867 ei
988 1833 1094 1874 tradi,
1122 1834 1162 1869 ad
1181 1847 1281 1880 quem
1302 1839 1479 1871 Romanus
1505 1836 1684 1883 episcopus

73 1894 106 1919 et
123 1882 372 1919 caeteri‘ftaliae
390 1880 550 1916 antitistes
567 1882 693 1916 litteras
712 1882 963 1916 communionis
983 1886 1175 1919 mitterent:
1223 1884 1405 1930 Postquam
1432 1898 1513 1920 vero
1536 1887 1685 1932 impera·

73 1944 164 1977 tores
182 1930 355 1967 christiani
374 1930 612 1969 fueruntttum
632 1931 770 1966 illorum
799 1932 832 1964 in
857 1931 1068 1968 christianam
1092 1934 1294 1980 religionem
1322 1933 1480 1976 effeetus,
1509 1947 1581 1970 tum
1604 1947 1683 1982 pro-

72 1984 142 2030 prii
164 1982 322 2028 imperii,
349 1982 448 2024 cuius
465 1981 690 2027 tranquill-itas
709 1981 886 2025 religionis
904 1981 1159 2018 conservatione
1175 1984 1381 2030 plerumque
1398 1984 1578 2030 pendebat,
1604 1997 1685 2021 cura

70 2043 103 2068 ct
120 2032 308 2074 sollicituto
328 2032 364 2065 in
382 2030 478 2066 eausa
503 2029 664 2070 fuerunt,
691 2042 730 2065 ut
753 2031 997 2066 haerefiarchas
1024 2045 1055 2067 et
1080 2032 1242 2075 rebelles,
1269 2047 1313 2068 ne
1339 2034 1455 2068 turbas
1478 2037 1618 2074 cierent,
1646 2037 1683 2070 in

71 2081 421 2121 ullium-mitterent,
448 2092 506 2116 aut
524 2079 651 2115 mulGa
667 2080 774 2126 aliqua
793 2082 983 2126 pecuniaria
1001 2081 1208 2128 pleae-tenu
1233 2085 1326 2129 quod
1345 2085 1482 2129 quidem
1499 2083 1684 2130 {aepissime

70 2133 221 2178 proprio
239 2142 358 2171 motu,
385 2130 568 2175 aliquando
591 2130 633 2165 ab
653 2130 824 2176 episcopis
850 2143 884 2164 ea
909 2130 951 2165 de
973 2144 1013 2166 re
1033 2133 1143 2178 rogati
1161 2133 1410 2180 praestiterunt.
1465 2136 1593 2168 Verum
1613 2146 1684 2168 non

71 2179 392 2239 nifixpoflerioribus
421 2180 575 2215 eccleliae
598 2179 734 2222 saeculis
760 2179 906 2215 concessa
929 2179 974 2214 est
1002 2180 1152 2216 ecclefiae
1176 2183 1217 2217 ab
1242 2183 1509 2230 imperatoribus
1538 2182 1683 2228 potestas

73 2230 325 2270 sla-tuendarum
344 2231 377 2264 in
396 2230 580 2265 haereticos
599 2240 657 2265 aut
673 2236 875 2276 peccatores·
887 2242 1075 2276 poenarum
1095 2228 1357 2278 temporalium3
1384 2245 1483 2277 atque
1503 2233 1582 2266 hinc
1602 2234 1679 2284 epi-

67 2278 384 2330 smpi-potaesta'ttm
399 2279 496 2317 istam
508 2279 671 2317 obtinent
687 2279 728 2317 ab
744 2279 1015 2328 imperatoribus
1030 2292 1061 2318 et
1075 2281 1228 2328 regibus,
1256 2296 1326 2319 non
1344 2283 1386 2318 ab
1414 2281 1542 2318 ecclefia
1555 2307 1565 2322 ,
1598 2281 1685 2318 licut

140 2356 143 2358 -
200 2349 205 2357 ·
1534 2344 1634 2378 reges
