2022 2733
1377 91 1397 104 Ι

307 186 819 239 ms‘s‘rnssmrio'm
850 190 1194 240 msa-omem.
1222 204 1380 240 nmm.
1408 205 1470 242 111.
1578 217 1645 252 ιο,

89 288 136 328 {ic
151 290 253 324 etiam
268 301 333 335 per
347 288 476 324 litteras
493 291 736 326 communione
756 289 906 327 ecclesiae
922 293 1093 328 Romanae
1106 291 1232 338 expulsi
1252 291 1327 328 sunt
1347 291 1481 327 Asiatici
1505 304 1522 327 a
1539 291 1692 334 Vistore,

85 336 239 373 Africani
258 350 289 374 et
306 339 484 373 orientales
503 352 520 374 a
537 340 726 385 Stephano,
752 339 935 376 Nestorius
960 354 978 375 a
995 341 1183 378 Coelestino
1203 355 1236 377 et
1256 342 1405 391 Cyrillo,
1439 354 1471 377 et
1493 342 1551 377 alii
1577 355 1693 388 quam-

82 387 240 433 plurimi,
259 400 411 433 quorum
432 389 487 423 hic
504 389 694 435 catalogum
709 401 817 424 texere
835 390 954 426 inutile
970 389 1070 426 foret.

233 437 348 473 Altera
367 439 621 473 communionis
637 437 749 473 tessera
768 451 857 476 erat,
886 450 924 474 ut
937 439 1002 486 jam
1023 440 1110 477 dixi.
1139 439 1292 476 fidelium
1309 440 1405 475 ultro
1426 441 1582 484 citroque
1597 450 1691 474 com·

83 487 268 522 meantium
292 487 445 522 admistio
465 487 506 522 ad
525 488 822 527 communionem,
851 486 874 522 fi
894 488 999 522 modo
1017 489 1148 523 litteras
1166 490 1456 524 commendatitias
1474 489 1515 524 ab
1544 488 1688 523 ecclesiis

82 534 151 570 suis
172 534 356 571 deferrent.
407 536 555 571 Nullum
572 537 663 570 enim
683 536 790 582 majus
809 548 1049 580 argumentum
1070 538 1202 571 unitatis
1220 539 1308 572 inter
1327 538 1473 572 ecclc-fias
1494 536 1556 577 est,
1586 549 1690 581 quam

80 597 155 618 cum
176 586 402 621 admittuntur
419 587 451 619 in
472 586 751 620 communionem
770 584 946 630 utriusque
963 585 1116 620 ecclesiae
1136 583 1270 623 fideles,
1296 586 1467 626 nullum,e
1496 596 1611 620 contra
1636 586 1688 619 di-

81 633 219 669 vifionis
239 645 477 680 argumentum
498 634 621 680 majus,
649 646 750 678 quam
770 645 847 669 cum
862 634 968 679 aliqui
983 633 1022 669 ab
1040 646 1107 669 una
1132 634 1282 675 ecclefia,
1310 635 1406 682 cujus
1426 634 1577 682 membra
1600 633 1687 674 sunt.

79 683 119 718 ad
138 683 235 719 aliam
256 685 426 718 venientes
445 695 513 716 non
537 682 771 729 suscipiuntur
787 684 821 718 in
838 685 1129 719 communionem.
1183 687 1265 719 Mos
1282 685 1389 730 igitur
1404 683 1492 725 fuit,
1535 694 1573 718 ut
1596 696 1686 718 com-

79 734 292 767 mendatitiae
309 733 471 767 darentur
488 731 634 773 litterae,
663 732 828 780 episcopis
847 733 986 782 quidem
1004 746 1024 768 a
1039 734 1318 780 metropolitano,
1334 735 1473 769 caeteris
1490 744 1602 767 autem
1622 733 1688 767 cle-

79 782 156 816 ricis
171 795 227 816 aut
242 781 331 816 laicis
349 781 389 816 ab
407 780 567 827 episcopo
579 808 586 822 ‚
615 781 740 827 quibus
758 781 912 818 instrusti
931 782 971 818 ab
989 783 1064 818 aliis
1082 783 1240 825 ecclefiis‚
1275 796 1363 828 quae
1380 796 1458 818 cum
1477 782 1553 821 illis,
1568 796 1586 816 a
1611 786 1688 826 qui-

81 830 146 866 bus
166 830 361 871 veniebant,
390 841 486 866 erant
504 832 749 866 communione
767 831 920 880 junElae‚
948 832 1226 879 suscipiebantur.
1281 835 1390 868 Vetus
1406 831 1451 868 est
1469 845 1504 866 ea
1519 833 1559 865 de
1576 844 1612 865 re
1631 844 1683 865 ca-

77 893 146 915 non
165 880 370 926 apostolicus
391 892 445 924 32.
465 881 569 915 Nemo
588 884 850 930 peregrinorum
865 884 1091 930 episcoporum
1106 892 1166 918 aut
1179 881 1469 930 presbyterorum,
1495 890 1557 916 aut
1574 881 1684 915 diaco-

75 941 193 965 norum
203 931 273 976 Jt'ne
289 929 562 965 commendatitiis
575 932 783 977 suscipiatur
800 933 937 967 litteris.
966 932 1171 967 Earumdem
1190 931 1229 966 fit
1249 932 1375 967 mentio
1400 933 1434 965 in
1460 943 1553 965 conc.
1573 929 1682 965 Elibe‹

75 981 185 1026 ritano
202 990 274 1024 cap.
296 990 351 1022 23.
377 990 409 1012 et
432 985 506 1022 38„
535 990 566 1012 et
583 980 619 1013 in
636 979 818 1015 Arelatensi
837 992 910 1026 cap.
932 992 963 1024 7.
985 992 1016 1015 et
1031 993 1105 1026 cap.
1125 986 1159 1025 ‘9.
1212 983 1301 1016 Item
1317 982 1352 1015 in
1372 980 1586 1016 Antiocheno
1606 992 1681 1025 cap.

76 1039 108 1071 7.
127 1026 281 1062 statuitur
297 1051 306 1067 ,
333 1036 371 1062 ut
388 1029 496 1061 nullus
514 1035 669 1062 externus
685 1028 758 1073 sine
780 1028 929 1074 pacificis
943 1030 1168 1075 fiaescipiatur,
1195 1039 1229 1063 et
1253 1041 1324 1066 can.
1350 1036 1382 1069 3.
1410 1041 1454 1064 ne
1474 1028 1682 1076 presbyteri,

73 1078 226 1124 quisunt
243 1078 281 1110 in
295 1077 399 1124 pagis
414 1074 493 1109 dent
509 1078 678 1110 canonicas
693 1076 861 1122 epistolas,
887 1079 942 1111 vel
957 1078 1003 1111 ad
1014 1079 1097 1122 Jolos
1113 1079 1237 1113 vicinos
1254 1079 1415 1124 episcopos
1439 1078 1585 1124 epistolas
1603 1079 1682 1111 mit-

75 1134 170 1166 tant,
197 1126 425 1171 chorepiscopi
447 1132 555 1158 autem
572 1125 658 1159 nulli
675 1125 920 1172 reprclzenfione
936 1125 1047 1170 affines
1065 1126 1146 1161 dent
1167 1126 1342 1172 pacificas,
1370 1129 1450 1162 item
1475 1126 1578 1161 Laod.
1606 1138 1680 1172 cap.

74 1187 128 1216 4¹·
146 1199 154 1213 ‚
182 1173 272 1221 quod
288 1185 353 1208 non
370 1181 504 1218 oportet
521 1173 726 1216 sacerdotem
749 1175 803 1207 vel
818 1176 973 1208 clericum
998 1175 1065 1218 sine
1091 1178 1256 1209 canonicis
1279 1177 1407 1210 litteris
1432 1179 1501 1210 iter
1526 1176 1680 1224 ingredi.

74 1225 124 1257 De
142 1222 263 1255 iisdem
280 1221 358 1255 vide
376 1231 470 1255 conc.
483 1220 598 1253 Carth.
615 1231 644 1262 3.
661 1232 732 1264 cap.
755 1228 831 1260 2S.‚
860 1233 891 1254 et
912 1224 1071 1264 quintum
1091 1234 1163 1266 cap.
1176 1235 1208 1264 7,
1234 1225 1415 1260 Zozimum
1434 1237 1489 1269 ep.
1511 1236 1538 1259 ι.
1563 1229 1676 1266 5.et'6,

75 1271 221 1306 Milevit.
237 1281 331 1304 conc.
351 1281 376 1303 c.
402 1280 477 1305 20.‚
503 1266 596 1303 Bafil.
617 1267 710 1313 epist.
734 1272 810 1311 69.,
838 1268 1082 1314 Andegavense
1101 1281 1195 1304 conc.
1216 1282 1290 1315 cap.
1313 1284 1361 1308 1..
1396 1273 1616 1306 Turonieum
1648 1285 1677 1307 1.

76 1332 146 1366 cap.
169 1332 240 1360 12.,
266 1318 471 1354 Veneticum
491 1328 562 1362 cap.
582 1329 612 1361 5.
631 1341 640 1354 ‚
671 1316 784 1353 Aurei.
809 1330 838 1353 1.
858 1329 930 1364 cap.
958 1330 1011 1362 7.‚
1039 1317 1267 1365 Lugdunense
1286 1331 1400 1366 3.cap.
1423 1332 1471 1357 2.,
1498 1320 1683 1355 Rhemense

76 1369 134 1405 sub
151 1369 313 1405 Sonnatio
329 1379 399 1413 cap.
425 1379 478 1400 12.
498 1378 559 1401 etc.

225 1420 402 1453 Caeterum
421 1417 584 1462 quoniam
603 1414 678 1450 fieri
696 1428 765 1450 non
781 1427 935 1462 poterat,
953 1429 993 1452 ut
1012 1429 1131 1452 omnes
1149 1418 1244 1453 orbis
1261 1417 1412 1453 ecclesiae
1428 1418 1470 1453 ad
1488 1416 1518 1452 se
1534 1419 1681 1454 invicem

78 1468 276 1508 scriberent,
305 1478 337 1501 et
359 1465 420 1501 fibi
438 1477 559 1500 mutuo
585 1475 683 1499 notae
700 1463 818 1502 client,
845 1478 882 1501 ac
906 1467 1052 1513 proinde
1078 1468 1274 1502 immediate
1297 1469 1603 1508 communicarent,
1631 1468 1681 1502 id-

78 1519 167 1553 circo
187 1529 328 1563 magnae
351 1515 512 1560 quaedam
531 1513 621 1548 sedes
641 1512 867 1558 eligebantur,
903 1529 967 1561 per
992 1528 1076 1562 quas
1101 1516 1251 1556 ecclesiae
1275 1517 1387 1552 secum
1413 1518 1557 1551 invicem
1585 1529 1680 1552 com.

79 1566 303 1602 municabant.
354 1567 405 1599 Sic
423 1562 574 1598 ecclesiae
601 1562 743 1596 orientis
770 1562 990 1600 censebantur
1012 1567 1269 1601 communicare
1293 1578 1372 1601 cum
1398 1566 1678 1607 occidentalibus,

80 1615 218 1661 quando
248 1612 545 1649 communicabant
570 1610 783 1646 Antiocheno
815 1613 1048 1657 patriarchae,
1089 1616 1150 1659 qui
1175 1615 1314 1662 juttstus
1339 1627 1409 1650 erat
1437 1617 1679 1650 communione

78 1678 155 1700 cum
175 1667 348 1700 Romano,
374 1662 428 1697 cui
445 1659 670 1696 adhaerebant
688 1660 922 1696 occidentales.
975 1665 1026 1697 Ita
1044 1665 1144 1699 etiam
1157 1666 1323 1713 Aegyptii
1339 1678 1403 1711 per
1412 1664 1679 1700 Alexandrinum

77 1726 154 1749 cum
173 1716 327 1748 Romano
344 1709 651 1747 communicabant,
676 1720 708 1743 et
729 1709 947 1745 occidentales
964 1723 1082 1746 ornnes
1108 1726 1184 1748 cum
1210 1714 1433 1748 orientalibus
1450 1725 1482 1748 et
1498 1716 1679 1761 Aepyptiis

76 1776 142 1810 per
157 1765 349 1798 Romanum
370 1773 378 1802 3
406 1760 517 1805 ficque
535 1758 771 1817 intelligendus
789 1758 833 1793 est
852 1760 946 1794 locus
965 1761 1083 1806 Optati
1107 1760 1207 1807 supra
1233 1764 1370 1803 citatus,
1405 1777 1474 1798 cum
1501 1777 1562 1811 quo
1590 1773 1682 1799 totus

76 1812 167 1848 orbis
185 1813 369 1847 commercio
383 1812 616 1856 formatarum
635 1821 673 1843 m
694 1820 759 1842 una
778 1813 1009 1844 communionis
1027 1812 1181 1851 societate
1200 1812 1382 1847 concordat.

225 1861 293 1895 His
313 1859 440 1905 positis,
466 1857 565 1893 facile
585 1856 632 1892 est
649 1857 848 1903 intelligere,
869 1859 1047 1903 quomodo
1065 1860 1212 1894 eccleliae
1230 1859 1297 1894 sese
1313 1873 1432 1895 mutuo
1449 1863 1680 1897 excommuni-

76 1916 204 1946 carent:
257 1921 334 1943 cum
363 1910 452 1943 enim
477 1907 610 1942 ecclesia
636 1907 799 1952 quaedam
819 1920 875 1942 aut
895 1907 1173 1955 ejus'episcopus
1209 1910 1243 1944 in
1267 1909 1405 1945 alterius
1420 1909 1586 1951 ecclesiae,
1622 1922 1681 1947 aut

76 1959 227 2007 episcopi
248 1955 404 1993 ἁοξὶτίῃει
429 1956 481 1991 vel
497 1956 670 2003 disciplina
700 1956 898 2002 perversum
932 1959 1013 2003 quid
1034 1957 1098 1992 effe
1124 1958 1352 1994 arbitrabatur
1369 1984 1380 1997 ,
1403 1971 1486 1994 tunc
1517 1961 1680 1996 nuntium

77 2003 147 2057 ejus
161 2008 398 2044 communioni
426 2005 594 2046 mittebat,
623 2006 675 2040 vel
695 2006 779 2040 daris
805 2007 944 2045 litteris,
970 2007 1020 2041 vel
1047 2006 1201 2054 rejeOtis,
1236 2020 1268 2043 et
1292 2022 1310 2043 a
1337 2010 1580 2043 communione
1605 2009 1681 2044 sub-

77 2061 180 2094 motis
203 2060 260 2097 iis,
292 2058 351 2101 qui
379 2055 459 2091 inde
484 2055 674 2092 veniebant.
727 2056 837 2091 Multa
864 2054 939 2091 sunt
967 2057 1069 2104 hujus
1096 2055 1455 2093 excommunicationis
1475 2059 1566 2104 apud
1596 2061 1679 2094 anti·

79 2119 166 2152 quos
187 2106 361 2152 exempla,
389 2118 474 2150 quae
491 2103 666 2140 historiam
686 2105 928 2141 ecclesiasticam
955 2107 1236 2151 percurrentibus
1268 2119 1477 2142 occurrunt:
1512 2121 1612 2153 atque
1639 2119 1680 2143 ut

79 2156 257 2192 vetustiora
275 2167 541 2203 praetermittam
560 2169 567 2189 z
605 2153 648 2189 fic
665 2154 880 2200 Epiphanius
899 2155 1134 2202 Theophilum
1157 2157 1514 2205 Hierosolymitanum
1543 2170 1680 2192 excom-

82 2207 263 2241 municavit
280 2218 287 2237 z
316 2204 358 2239 sic
373 2216 529 2250 tempore
548 2205 621 2239 Arii
638 2203 787 2239 ecclesiae
802 2218 832 2240 et
850 2203 999 2251 episcopi
1019 2204 1084 2240 sese
1101 2218 1221 2241 mutuo
1239 2208 1451 2242 excommuni
1466 2219 1572 2241 arunt
1590 2220 1598 2239 ι
1635 2206 1679 2241 iic

84 2253 128 2289 ob
145 2252 323 2300 Melz-tium
340 2265 373 2290 et
396 2254 598 2300 Paulinum,
623 2266 661 2289 ac
682 2252 910 2300 quaestionem
939 2255 978 2290 de
1002 2255 1167 2304 hypostafi
1193 2258 1308 2292 oriens
1332 2256 1374 2292 ab
1400 2256 1571 2293 occidente
1595 2256 1700 2305 <livi-v

380 2317 384 2321 ’
458 2303 465 2317 ”
868 2306 896 2340 C
922 2316 940 2340 c
992 2317 1010 2340 2
1576 2304 1632 2341 sus
