2022 2733
298 179 808 218 DISSERTATIONES
843 178 1194 222 H15TOR1.(:AE.
1231 186 1494 226 DissruNn.
1598 197 1672 245 423

94 284 197 319 num,
226 282 378 318 quotum
403 269 619 307 accusabatur
642 271 696 307 vel
720 282 824 306 rcum
838 283 908 307 non
926 271 1010 313 esse,
1035 275 1090 311 vel
1109 287 1229 311 eorum
1247 279 1384 315 veniam
1399 278 1467 328 jam
1485 278 1549 316 effe
1564 280 1723 320 consecti:

90 336 176 360 tum.
229 324 281 358 Ut
299 333 414 357 aurern
430 320 561 367 aliquid
579 322 614 357 in
630 321 891 368 imperatoriam
907 321 1124 362 autoritatem
1145 325 1280 363 tentasse
1300 341 1356 364 eos
1374 330 1592 376 probaretur,
1612 331 1722 368 osten-

85 373 240 410 dendum
262 369 358 412 esset,
385 371 465 406 iilos
497 371 736 418 pronuntiasse
762 372 1009 419 imperatorem
1035 376 1202 422 regnandi
1228 377 1304 424 jure
1333 378 1378 415 ob
1394 381 1537 416 crimina
1552 381 1717 425 excidisse,

87 435 120 459 et
137 424 235 458 etiam
256 423 404 464 invitum
424 421 464 456 de
479 434 587 468 regno
605 420 815 469 pellendum.
869 424 914 460 At
926 424 1014 460 nihil
1031 424 1140 462 fimile
1156 425 1311 471 statuunt,
1329 430 1401 466 imo
1417 429 1616 478 supponunt
1636 445 1720 469 eum

84 473 180 510 ultro
206 485 242 508 ac
268 471 389 508 libenti
414 473 531 508 animo
550 471 594 508 ob
613 472 777 513 crimina,
805 485 890 517 quae
908 487 1186 521 perpetraverat,
1212 475 1243 513 se
1261 480 1493 525 poenitentiae
1510 481 1666 518 addicere
1687 493 1722 518 et

83 522 264 570 cingulum
289 521 430 557 miiitiae
458 534 598 568 ponere.
649 521 712 556 Sed
743 533 829 565 quae
854 522 966 559 secuta
992 524 1072 560 sunt
1096 539 1233 568 eorum,
1263 541 1347 574 quae
1370 529 1411 565 ab
1431 529 1500 565 istis
1523 529 1613 566 fasta
1629 530 1718 571 sunt,

85 573 306 619 iniquitatem
333 570 530 609 ostendunt,
556 583 635 606 nam
659 582 748 605 anno
766 569 924 615 sequenti
943 580 1023 617 834.
1075 575 1233 611 Lotharii
1251 576 1394 619 fratres,
1424 581 1482 625 qui
1501 579 1598 625 prius
1616 592 1718 616 exau-

85 623 251 659 rorationi
274 622 382 668 'patris
409 619 461 654 sui
480 621 579 655 tacite
596 618 849 660 consenserant,
877 632 954 656 cum
972 622 1176 659 Lotharium
1190 624 1267 671 post
1286 627 1480 673 depositum
1499 640 1531 664 et
1548 627 1719 667 custodiae

84 673 251 713 traditum
268 681 401 717 patrem
420 669 608 715 imperium
626 681 729 704 omne
748 669 907 716 invadere
925 672 1177 717 cognovissent,
1203 672 1329 711 coaffis
1346 678 1455 724 copiis
1473 678 1634 714 adversus
1649 683 1714 716 Lo-

82 723 235 758 tharium
259 718 537 766 proficiscuntur.
590 719 661 763 Qui
687 718 750 754 {ibi
774 730 927 756 metuens
953 720 1106 768 aufugit,
1131 735 1233 769 atque
1253 724 1334 761 hinc
1358 738 1457 774 pater
1483 727 1716 766 ecclefiasticae

82 771 325 808 communioni
352 768 526 805 restitutus
557 766 602 803 est
621 779 652 803 et
672 768 811 815 imperii
831 782 1032 807 ornamenta
1051 774 1191 819 recepit.
1245 776 1378 812 Deinde
1396 776 1556 823 sequente
1570 792 1660 815 anno
1675 781 1714 815 in

83 821 233 864 eonciiio
260 820 304 855 ad
324 818 540 854 Theoderici
565 818 683 853 villam
702 819 826 854 iterum
853 819 894 854 ab
911 820 1081 867 episcopis
1103 822 1331 860 absolutionis
1347 825 1550 864 beneficium
1569 828 1616 864 est
1630 841 1714 865 con-

83 871 234 912 secutus,
261 880 293 905 et
319 868 418 904 Ebbo
441 867 571 903 ibidem
597 866 695 903 suasu
719 867 963 915 episcoporum
987 870 1139 917 seipsum
1165 873 1360 920 episcopatu
1378 875 1565 917 abdicavit,
1591 879 1712 915 caeteri

83 920 252 967 episcopi,
279 920 340 964 qui
357 919 539 953 conventui
558 916 746 956 adfuerant,
775 918 1015 956 excusaverunt
1029 920 1064 956 se
1083 934 1134 963 eo,
1164 922 1259 968 quod
1275 937 1337 971 per
1355 926 1427 962 vim
1444 925 1486 961 ad
1502 926 1712 964 consentien-

84 971 169 1008 dum
185 967 360 1015 compuisi
389 965 545 1008 fuissent,
571 966 778 1013 Agebardus
802 979 834 1003 et
856 968 913 1005 aiii
930 969 1081 1007 absentes
1099 972 1251 1009 damnati
1269 974 1363 1010 sunt:
1392 976 1583 1012 notandum
1601 974 1715 1024 porro

83 1013 149 1062 est,
174 1021 211 1055 in
233 1018 305 1054 istis
325 1017 478 1053 conciliis
499 1029 568 1052 non
593 1016 722 1052 restitui
749 1019 996 1064 imperatorem
1015 1034 1124 1069 regno
1143 1034 1174 1058 et
1190 1023 1354 1070 imperio,
1383 1024 1439 1060 sed
1457 1037 1588 1062 tantum
1607 1028 1711 1063 eccle.

81 1070 149 1105 fiae
175 1080 208 1105 et
230 1068 490 1107 communioni,
515 1068 561 1102 ita
588 1079 700 1113 neque
716 1068 752 1102 in
772 1067 1047 1116 exaustoratione
1067 1084 1175 1118 neque
1189 1072 1225 1108 in
1242 1073 1453 1111 restitutione
1469 1076 1640 1112 Ludovici
1657 1077 1710 1122 Fii

82 1119 276 1165 quidquam
301 1115 367 1158 est,
397 1117 491 1163 quod
509 1116 636 1163 probet
655 1116 805 1152 ecclesiae
821 1119 1021 1164 potestatem
1039 1119 1104 1156 effe
1121 1124 1158 1156 in
1179 1123 1393 1170 temporalia.
1445 1128 1521 1162 Nec
1539 1127 1648 1173 magis
1667 1139 1712 1163 eu

79 1170 227 1217 pertinet
246 1167 414 1214 judicium
434 1166 570 1202 concilii
587 1166 869 1213 Aquisgranensis
886 1173 967 1205 anni
989 1177 1069 1215 842.
1089 1171 1247 1208 adversus
1266 1174 1481 1217 Lotharium,
1507 1177 1543 1211 in
1561 1188 1600 1211 eo
1617 1177 1710 1213 enim

81 1218 239 1265 episcopi.
257 1217 459 1253 Lotharium
487 1215 691 1251 auGoritate
714 1216 770 1253 sua
796 1217 836 1252 de
854 1231 962 1265 regno
983 1221 1113 1256 Galliae
1129 1234 1200 1257 non
1222 1222 1433 1271 dejecerunt,
1462 1224 1518 1261 sed
1538 1236 1671 1261 tamum
1689 1239 1710 1262 a

79 1269 261 1305 Ludovico
287 1279 319 1302 et
346 1267 473 1302 Carolo
499 1267 534 1301 in
553 1265 730 1301 confilium
749 1266 911 1308 adhibiti,
939 1282 1023 1305 num
1038 1270 1153 1306 liceret
1172 1270 1235 1307 fibi
1251 1285 1382 1318 partem
1401 1276 1501 1321 regni
1520 1276 1673 1310 Francici
1689 1288 1710 1311 a

79 1318 247 1353 Lorhario
271 1306 424 1351 reiiaam
452 1328 589 1359 regere,
616 1328 648 1352 et
671 1315 872 1352 censuerunt
887 1318 922 1352 id
943 1318 983 1362 ab
1001 1317 1082 1365 ipfis
1099 1331 1169 1355 tuta
1187 1321 1387 1359 conscientia
1405 1322 1478 1359 fieri
1496 1323 1610 1372 posse,
1635 1336 1711 1361 rem

78 1367 121 1404 fic
138 1377 250 1404 narrat
267 1364 464 1401 Nithardus
481 1363 541 1399 lib.
561 1378 595 1407 4.
616 1375 702 1405 tom.
724 1377 816 1401 conc.
839 1378 871 1410 7.
888 1367 998 1404 colon.
1020 1380 1123 1413 1177.
1143 1380 1178 1404 et
1198 1378 1302 1415 1758.

565 1470 623 1507 De
653 1471 775 1520 septem
801 1473 973 1512 deciorum
999 1477 1213 1526 institutione.

77 1566 204 1663 Post
227 1575 366 1622 imperii
393 1574 669 1612 translationem,
697 1572 827 1619 septem
855 1586 994 1620 quoque
1015 1575 1205 1614 eleaorum
1224 1577 1473 1617 institutionem
1494 1594 1513 1618 a
1529 1581 1708 1630 pontifici-

178 1625 243 1661 bus
262 1623 386 1660 {agiam
405 1623 469 1658 eise
487 1622 633 1660 affirmat
649 1622 879 1659 Bellarminus
899 1635 931 1659 et
949 1625 990 1660 ad
1008 1626 1223 1671 probandam
1239 1627 1445 1674 pontificum
1462 1632 1497 1665 in
1525 1643 1705 1679 tempora-

76 1679 123 1713 lia
147 1675 349 1723 potestatem
368 1673 517 1709 adducit.
574 1674 758 1711 Οἱῗαυιιηι,
783 1673 916 1717 inquit,
943 1677 1126 1722 exemplum
1148 1677 1190 1723 ess
1210 1677 1377 1727 Gregorii
1396 1681 1461 1722 V„
1488 1683 1704 1729 quisanft'io‘

75 1736 150 1763 uem
173 1723 286 1762 edidit
311 1725 354 1760 de
368 1727 574 1771 imperatore
592 1723 826 1773 eligendoper
843 1724 972 1769 septem
998 1724 1203 1761 Germaniae
1217 1730 1408 1775 principes,
1435 1742 1518 1778 quae
1537 1733 1640 1778 usque
1657 1731 1706 1767 ad

74 1777 160 1812 hanc
176 1775 266 1811 diem
275 1776 451 1820 servatur.
508 1773 610 1817 Quod
627 1777 679 1808 ita
688 1772 758 1819 effe
774 1770 944 1819 probatur
960 1786 1024 1820 per
1047 1776 1217 1812 Blondumf
1234 1776 1357 1812 decade
1379 1790 1407 1813 1.
1425 1779 1485 1814 lib.
1509 1791 1538 1824 3.
1553 1782 1704 1816 Naucle-

72 1837 150 1863 rum
170 1826 398 1874 generatione
422 1834 475 1867 34.
504 1827 541 1858 in
563 1825 638 1858 vita
667 1823 836 1870 Gregorii
854 1823 897 1858 V.
914 1824 1060 1872 aliosque
1076 1827 1196 1861 multos
1216 1826 1405 1873 historia-055
1431 1828 1584 1875 afferunt
1600 1833 1702 1866 etiam

73 1876 152 1913 Ma*
170 1873 403 1922 deburgenses.
428 1884 440 1888 “
456 1871 680 1918 Respondeo,
705 1873 873 1907 incertum
899 1869 978 1913 effe,
1006 1874 1161 1919 quando,
1191 1876 1369 1920 quomodo
1392 1888 1424 1913 et
1445 1891 1464 1913 a
1480 1891 1551 1923 quo
1569 1878 1701 1926 septem

73 1925 124 1960 ele
161 1935 239 1960 ores
264 1921 407 1958 instituti
434 1919 582 1957 fuerint:
617 1922 808 1957 suntenim
833 1920 1032 1968 scriptores,
1047 1926 1118 1969 qui
1145 1924 1231 1960 hanc
1247 1923 1434 1963 eiestorum
1451 1928 1699 1966 institutionem

76 1973 233 2011 tribuant
261 1971 386 2008 Carolo
406 1974 540 2018 Magno
566 1983 606 2008 ut
622 1972 789 2020 Jordanes
806 1971 840 2005 in
859 1971 1032 2014 chronico,
1059 1986 1144 2019 quae
1162 1973 1324 2010 sententia
1341 1978 1407 2012 niti
1424 1978 1560 2014 videtur
1577 1975 1698 2014 auciu-

75 2026 175 2061 ritate
198 2022 391 2059 innocentii
419 2024 482 2058 111.
501 2035 525 2057 c.
544 2022 768 2058 venerabilem
784 2021 825 2057 de
842 2022 1002 2057 eleft'ione
1020 2031 1054 2058 et
1071 2025 1167 2060 elefii
1179 2025 1362 2071 potestate,
1389 2026 1449 2062 alii
1463 2024 1621 2075 'eJusdem
1646 2030 1696 2064 in·

75 2073 275 2113 stitutionis,
304 2073 507 2107 Germaniae
532 2073 709 2119 principes
733 2069 889 2108 auctores
914 2069 1060 2111 faciunt,
1086 2073 1143 2109 alii
1168 2086 1240 2109 earn
1264 2076 1442 2122 Gregorio
1466 2079 1510 2114 V.
1527 2077 1696 2119 tribuunt,

74 2134 116 2159 ut
132 2123 302 2160 mondus,
328 2121 538 2161 Nauclerus,
564 2123 690 2158 Platina
715 2134 747 2158 et
769 2121 826 2158 alii
850 2121 1022 2168 Gregorio
1040 2125 1098 2165 X.‚
1124 2135 1163 2159 ut
1178 2126 1366 2161 Aventinus
1387 2126 1446 2163 lib.
1471 2139 1499 2172 5.
1518 2127 1695 2164 annalium

75 2170 243 2209 Boiorum
265 2183 298 2207 et
322 2172 528 2218 Onuphrius
555 2173 592 2208 in
615 2172 676 2209 lib.
704 2172 745 2208 de
768 2172 918 2208 comitiis
944 2174 1093 2219 imper.,
1118 2173 1181 2210 ubi
1203 2187 1243 2210 ex
1266 2174 1419 2221 professo
1444 2177 1586 2222 probat,
1626 2176 1694 2212 hos

73 2222 203 2269 septem
220 2220 382 2258 elestores
399 2235 467 2258 non
486 2232 562 2257 ante
576 2222 642 2259 fata
658 2222 833 2258 Frederici
852 2221 1021 2258 institutos
1039 2222 1112 2261 esse,
1139 2223 1285 2270 denique
1301 2226 1460 2262 nonnulli
1477 2239 1549 2262 eam
1563 2227 1694 2273 partim

74 2272 255 2324 ‚Gregorio
274 2273 317 2321 Y,
339 2273 468 2322 partim
486 2272 621 2322 Othoni
638 2275 704 2312 ΠΙ,
717 2273 842 2323 partim
857 2272 1075 2322 principibus
1094 2273 1297 2324 Germaniae
1312 2274 1490 2321 tribuunt,
1516 2276 1603 2362 ςυίἰ
1611 2274 1694 2314 cum‘

130 2347 137 2349 —
1604 2337 1645 2363 os
