1961 2718
280 217 352 255 418
528 206 600 242 DE
626 205 905 250 ANTIQUA
931 203 1179 240 ECCESIAE
1205 201 1562 240 DISCIPLINA·

231 310 332 340 cunt,
360 296 403 333 fic
419 297 598 334 Marianus
617 299 735 333 Scotus
752 293 810 330 lib.
835 306 864 339 3.
915 293 1072 334 Carolus,
1098 292 1229 337 inquit,
1256 292 1314 327 lzoc
1332 300 1478 339 tempore
1503 293 1696 329 aRomam's
1722 293 1845 342 Augu-

221 349 293 395 Jt'm
311 350 500 395 appellatus
520 347 584 393 efl;
613 346 729 382 eadem
750 344 829 380 sunt
847 342 1020 379 Lamberti
1038 341 1139 377 verba
1153 341 1194 376 ad
1213 353 1341 376 annum
1360 348 1442 382 80¹·
1456 344 1685 378 Hei-mannus
1701 344 1748 378 ait
1764 355 1847 379 eum

231 410 328 433 more
344 400 499 433 Romatio
517 396 735 432 sublimatum
754 396 1010 441 imperatorem,
1035 404 1117 438 ergo
1133 405 1152 427 a
1168 391 1303 438 populo
1322 404 1391 426 non
1407 404 1426 426 a
1441 390 1615 439 pontifice.
1666 392 1849 438 Lupoldus

232 446 486 495 Bambergensis
511 447 604 482 libro
631 446 673 481 de
690 445 823 493 juribus
843 444 1003 489 imperii,
1029 441 1226 488 Sigebertus
1246 453 1277 476 et
1291 443 1492 484 Vincentius
1509 442 1615 479 aiunt,
1631 454 1670 476 ex
1687 441 1850 477 consensu

230 500 467 534 Romanorum
483 496 647 532 Carolum
666 508 684 530 a
702 498 817 530 Leone
834 504 1037 530 coronatum
1056 490 1120 527 eise
1139 490 1339 538 Augustum.
1392 491 1546 527 Blondus
1568 489 1848 528 Flaviusdecade

231 559 268 586 2„
291 548 357 588 ait,'
384 548 525 582 Leonem
547 545 735 594 pontificem
758 545 879 592 populi
909 544 1057 579 Romam·
1079 544 1180 588 scito,
1203 540 1424 589 precibusque
1446 542 1600 577 Car-olum
1615 543 1851 588 imperatorem

227 598 455 633 Romanorum
479 596 684 631 declaratum
706 594 898 629 diademate
920 592 1046 638 vetusto
1072 593 1315 638 imperatorum
1336 593 1456 637 capitis
1469 591 1655 639 gestamine
1673 590 1851 637 coronqffe.

230 651 358 690 Aeneas
380 646 513 696 Sylvius
539 646 574 680 in
593 646 743 691 epitome
759 642 884 678 Blondi
901 641 942 676 de
960 653 1038 677 ortu
1058 641 1194 686 imperii
1211 652 1239 675 c.
1263 654 1293 685 9.
1321 641 1484 687 Populus,
1512 641 1642 684 inquit,
1670 641 1850 681 Romanus,

231 699 291 746 qui
302 699 366 742 suo
377 698 550 744 sanguine
565 703 695 730 tantum
708 701 854 739 pararat
865 694 1051 737 imperium,
1068 692 1219 725 carolum
1231 691 1402 738 stlagnum
1416 690 1622 725 Francorum
1639 701 1753 737 regem
1769 692 1847 736 pri.

229 760 279 783 mo
302 749 484 793 patricium
508 745 579 791 post
600 742 804 790 Augustum,
832 749 1046 775 concurrente
1061 742 1180 783 summi
1195 740 1363 785 pontificis
1382 741 1533 784 consensu
1545 739 1718 784 salutavit
1743 739 1848 782 caesa-

231 807 312 832 rem.
364 795 547 840 Philippus
573 795 759 836 Bergomas
781 788 842 822 lib.
875 801 905 821 2.
924 788 1172 832 supplementi,
1199 799 1219 820 a
1234 789 1357 832 populo
1375 789 1521 822 Romano
1535 787 1688 832 precibus
1703 796 1847 836 rogatus

231 847 383 881 carolum
443 847 680 890 imperatorem
730 838 937 872 declaratum
990 835 1179 870 diademate
1222 838 1397 870 coronavit
1440 837 1639 870 acclamante
1680 845 1735 870 ter
1783 849 1846 882 po-

227 897 320 942 pulo,
349 894 467 929 Carolo
484 889 643 939 Augusto.
697 889 738 922 Et
756 886 871 920 eadem
890 884 997 920 ferme
1013 883 1139 919 habent
1156 883 1303 931 jacobus
1319 883 1624 929 Vamphelingius‚
1651 884 1848 930 Gaguinus,

230 943 443 982 Nauclerus,
471 940 615 979 Plotina,
644 936 855 984 SigebertuS,
882 934 1106 974 Vincentius,
1143 934 1343 968 chronicum
1374 933 1502 979 Belgii,
1533 933 1730 969 Wilielmus
1754 934 1846 969 Ma}-

228 990 482 1031 mesburiensis,
508 989 678 1035 Rogerius
698 984 973 1025 Hovedunenfis‚
1002 982 1188 1019 Anastafius
1210 983 1485 1024 bibliothecarius
1505 983 1541 1018 in
1558 984 1626 1018 vita
1643 984 1768 1019 Leonis
1780 986 1846 1021 111.

229 1043 364 1078 Paulus*
379 1040 545 1076 Aemilius
573 1039 614 1073 de
640 1037 740 1083 gestis
760 1033 971 1070 Francorum
989 1033 1049 1069 lib.
1072 1046 1101 1078 3.
1124 1043 1157 1067 et
1177 1033 1232 1068 alii
1250 1034 1414 1079 plurimi,
1443 1046 1481 1068 ex
1499 1032 1622 1078 quibus
1639 1031 1767 1068 constat
1783 1035 1846 1069 Ca-

226 1092 342 1128 rolum
359 1092 606 1137 imperatorem
623 1087 684 1122 eise
701 1085 905 1120 declaratum
925 1083 1087 1130 precibus
1099 1108 1108 1124 ,
1135 1081 1296 1118 consensu
1308 1107 1317 1121 ‚
1346 1083 1453 1123 votis,
1481 1081 1565 1118 scito
1583 1094 1615 1118 et
1632 1083 1847 1119 acclamatio-

225 1144 325 1177 nibus
344 1140 469 1188 populi
487 1139 642 1174 Romani.
694 1139 772 1171 Nec
788 1134 851 1176 est,
880 1133 972 1179 quod
995 1133 1220 1168 Bellarminus
1238 1143 1396 1179 opponat
1413 1133 1546 1178 aliquos
1563 1145 1602 1167 ex
1620 1133 1727 1170 citatis
1744 1131 1846 1168 histo-

227 1194 306 1227 ricis
333 1203 370 1226 ac
393 1201 524 1237 praeter
547 1188 609 1223 hos
632 1187 847 1226 Cedoenum,
876 1186 1062 1224 Zonaram,
1090 1183 1231 1218 Paulum
1261 1183 1461 1224 diaconum,
1498 1182 1755 1229 Eginhardum,
1783 1182 1843 1228 qui

228 1243 346 1277 dicunt
365 1239 528 1276 Carolum
546 1251 563 1273 a
580 1241 690 1272 Leone
709 1236 955 1282 imperatorem
973 1232 1033 1269 effe
1051 1230 1182 1269 fafilum
1199 1243 1256 1268 aut
1275 1232 1477 1268 declaratum
1496 1244 1526 1268 et
1547 1232 1588 1268 ab
1607 1232 1725 1268 eodem
1741 1233 1844 1267 inun-

227 1289 323 1337 stum
341 1302 443 1334 atque
462 1298 680 1326 coronatum,
709 1297 786 1320 cum
805 1296 875 1318 non
894 1295 1064 1329 repugnet
1080 1285 1229 1317 Leonem
1249 1282 1283 1316 id
1301 1283 1369 1317 dici
1385 1280 1515 1323 fecisse,
1550 1282 1646 1326 quod
1663 1294 1731 1318 non
1751 1281 1844 1317 [olus

226 1339 308 1376 fecit
326 1351 386 1373 nec
412 1337 469 1372 sua
494 1347 626 1371 tantum
642 1332 859 1372 aufiloritate‚
887 1331 943 1366 sed
962 1334 1049 1365 vices
1068 1343 1171 1376 agens
1190 1331 1313 1376 populi
1333 1333 1480 1366 Romani
1497 1342 1530 1365 et
1549 1332 1640 1365 velut
1658 1331 1843 1367 voluntatis

229 1390 302 1438 ejus
320 1400 356 1423 ac
375 1387 495 1435 judicii
513 1384 734 1428 exsequutor,
760 1393 818 1416 aut
841 1382 938 1416 etiam
960 1380 1051 1414 velut
1067 1381 1303 1414 Romanorum
1320 1380 1457 1424 primus
1474 1390 1511 1414 ac
1526 1380 1741 1426 praecipuus,

326 1437 432 1481 Quod
449 1448 532 1471 vero
551 1434 593 1469 ad
614 1432 869 1468 coronationem
891 1427 1016 1475 spestat
1034 1439 1066 1463 et
1093 1426 1347 1469 inunfflonem,
1383 1440 1515 1463 certum
1535 1427 1580 1463 cst
1601 1429 1673 1464 illas
1691 1428 1752 1464 effe
1774 1441 1844 1466 me-

228 1500 281 1524 ras
298 1487 527 1523 ceremonias,
555 1496 642 1528 quae
661 1482 701 1516 ad
719 1481 854 1527 imperii
871 1477 1088 1513 substantiam
1108 1489 1176 1511 non
1190 1479 1374 1522 pertinent,
1402 1478 1448 1512 ita
1465 1488 1519 1517 ut,
1547 1479 1608 1522 qui
1624 1491 1675 1513 eas
1693 1478 1840 1525 perficit,

225 1549 410 1584 propterea
427 1534 555 1569 censeri
574 1546 643 1569 non
661 1530 762 1576 possit
780 1529 966 1574 imperium
986 1538 1044 1561 aut
1068 1538 1213 1571 regnum
1240 1524 1430 1562 contulisse.
1480 1529 1521 1561 In
1541 1527 1652 1562 Gallia
1667 1541 1728 1564 rex
1745 1529 1845 1564 Chri·
1869 1535 1871 1537 ’

224 1585 436 1622 stianiffimus
455 1584 495 1618 ab
515 1581 672 1628 episcopo
690 1576 876 1614 Rhemenli,
905 1578 939 1611 in
951 1576 1076 1622 Anglia
1093 1588 1149 1610 rex
1167 1575 1309 1621 Angliae
1325 1589 1343 1610 a
1359 1575 1606 1614 Canruarienfi‚
1632 1577 1668 1611 in
1686 1580 1844 1625 Ungaria

226 1651 244 1670 a
270 1632 478 1681 strigoniensi
504 1644 535 1666 et
561 1631 639 1665 alibi
658 1641 756 1675 reges
774 1627 814 1662 ab
836 1626 1003 1672 episcopis
1025 1626 1291 1671 praecipuarum
1306 1625 1446 1661 urbium
1467 1617 1654 1662 consecrari
1671 1638 1702 1662 et
1719 1628 1843 1674 inungi

223 1685 351 1725 solent,
380 1695 410 1718 et
426 1695 538 1717 tamen
567 1691 668 1714 nemo
694 1679 807 1713 dicere
825 1675 935 1723 potest
948 1676 988 1710 ab
1003 1677 1072 1710 istis
1091 1674 1258 1721 episcopis
1278 1687 1371 1721 reges
1391 1674 1466 1711 fieri
1482 1687 1540 1711 aut
1556 1675 1725 1714 constitui.
1778 1680 1858 1724 Juo'

223 1734 330 1770 stinus
357 1735 542 1780 imperator
566 1729 657 1765 sexto
687 1727 815 1763 saeculo
835 1740 854 1761 a
872 1728 1004 1773 Joanne
1034 1723 1416 1770 Constantinopolitano
1440 1726 1632 1772 patriarcha
1656 1737 1841 1764 coronatus

226 1783 289 1825 est,
317 1795 353 1819 ut
374 1781 500 1818 constat
527 1793 565 1815 ex
591 1792 642 1826 ep.
667 1778 770 1825 hujus
795 1777 835 1811 ad
855 1775 1095 1816 Hormisdam‚
1126 1786 1157 1810 et
1173 1786 1284 1810 tamen
1300 1776 1424 1810 iterum
1442 1775 1484 1811 ab
1502 1775 1662 1824 episcopo
1679 1779 1841 1813 Romano

223 1834 354 1882 joanne
371 1830 447 1880 post
465 1830 520 1866 sex
536 1842 644 1865 annos
663 1828 821 1863 coronari
837 1825 968 1866 voluit,
996 1838 1033 1859 ex
1051 1838 1121 1870 quo
1138 1834 1227 1871 patet
1245 1826 1502 1860 coronationem
1519 1837 1649 1861 meram
1667 1824 1729 1860 ess'e
1745 1837 1840 1862 cere-

222 1884 373 1919 moniam
385 1909 393 1923 ,
421 1894 492 1917 uno
509 1879 614 1915 verbo
632 1879 807 1914 coronatio
823 1877 1067 1922 imperatorem
1086 1887 1154 1911 non
1169 1871 1258 1914 facit,
1286 1887 1346 1909 nec
1361 1875 1414 1922 jus
1433 1875 1489 1910 dat
1504 1875 1546 1910 ad
1564 1876 1761 1922 imperium,
1779 1874 1838 1911 sed

224 1933 392 1979 supponit
410 1944 498 1971 eum,
529 1930 587 1975 qui
605 1939 798 1966 coronatur,
817 1926 884 1973 jam
905 1927 1148 1971 imperatorem
1164 1935 1221 1958 aut
1238 1936 1352 1969 regem
1372 1924 1423 1960 vel
1440 1925 1498 1973 jus
1515 1925 1557 1959 ad
1574 1926 1763 1971 imperium
1779 1935 1837 1961 aut

223 1994 371 2028 regnum
387 1981 521 2015 habere.
576 1982 692 2023 ltaque
708 1977 853 2012 Carolus
870 1987 1013 2020 magnus
1032 1975 1105 2022 jure
1124 1972 1329 2009 sueceffi'onis
1346 1986 1378 2010 et
1395 1987 1576 2011 armorum
1591 1972 1708 2020 ipsum
1726 1975 1837 2022 impe-

224 2033 318 2068 rium
345 2031 529 2066 occidentis
553 2027 715 2074 possedit,
743 2037 869 2061 nomen
900 2025 1182 2071 imperatorium,
1211 2023 1305 2068 quod
1322 2024 1402 2071 ipsi,
1429 2036 1550 2072 utpote
1566 2025 1672 2059 totius
1690 2022 1762 2060 fere
1782 2035 1837 2060 oc·

223 2081 367 2116 cidentis
387 2080 530 2115 domino
547 2077 741 2117 debebatur,
758 2075 798 2110 ab
818 2074 975 2110 universo
994 2074 1128 2121 populo
1138 2077 1293 2109 Romano
1309 2075 1446 2120 accepit.
1500 2075 1767 2111 Coronationem
1782 2085 1839 2110 ve·

224 2143 266 2168 ro
293 2143 323 2166 et
349 2127 582 2166 inunfilionem
604 2126 686 2171 ejus,
726 2138 812 2171 quae
831 2123 920 2159 sacra
939 2135 1072 2159 tantum
1089 2122 1134 2159 est
1149 2125 1336 2158 ceremonia
1355 2125 1461 2159 Leoni
1477 2136 1645 2171 acceptam
1665 2120 1783 2158 refert.

323 2184 369 2215 At
381 2206 389 2220 ,
416 2179 530 2224 inquit
556 2176 780 2212 Bellarminus
793 2201 800 2215 ,
828 2174 906 2209 licet
933 2174 1076 2209 Carolus
1092 2185 1236 2219 regnum
1255 2173 1566 2219 Longobardorum
1583 2174 1686 2210 armis
1704 2172 1845 2208 obtine-r

224 2241 287 2270 tet,
313 2232 486 2266 Romanos
505 2239 615 2263 tamen
637 2237 811 2271 nunquam
831 2223 920 2258 bello
938 2225 1062 2259 vicerat
1078 2235 1139 2257 nec
1157 2235 1277 2260 eorum
1295 2236 1356 2261 rex
1371 2235 1450 2268 erat,
1476 2224 1598 2261 deinde
1614 2234 1720 2270 regna
1737 2222 1836 2268 equi·

224 2280 304 2317 dem
328 2279 512 2318 occidentis
530 2276 590 2321 fibi
606 2286 801 2326 paraverat,
827 2273 882 2311 ied
898 2286 967 2312 non
982 2274 1180 2324 imperium.
1720 2318 1753 2361 R

1753 2332 1787 2362 ες
