1982 2739
313 204 383 235 226
558 198 628 235 m:
653 194 929 238 ANTIQUA
955 192 1244 235 ECCLESIAE
1272 193 1605 231 DISCIPLINA

262 289 455 336 sapientum
473 284 645 333 displicuit
670 312 679 322 .
708 315 716 322 .
741 313 750 323 .
777 313 786 322 .
813 286 891 334 quia
911 284 989 318 lzaec
1000 282 1219 331 suggerendo
1238 281 1375 317 dicimus
1397 295 1466 319 non
1481 283 1625 320 docendo
1647 283 1774 330 nostrae
1785 281 1873 330 sug.'

265 338 424 387 gestiom's
440 337 565 382 summa
584 335 643 383 est,
695 344 744 371 ut.
758 333 983 371 imbecillitati
1009 334 1146 367 hominis
1167 331 1279 366 amodo
1298 341 1455 378 quantum
1465 336 1646 378 cumJalute
1657 333 1879 380 ejuspotestis,

269 385 553 433 condescendatis,
578 395 612 421 et
628 395 772 426 terram,
800 394 882 432 quae
904 384 972 428 ejus
988 382 1196 417 anathemate
1211 383 1448 428 periclitatur,
1477 382 1518 418 ab
1535 384 1593 418 lzoc
1606 384 1756 431 periculo
1780 393 1880 416 erua-

271 446 330 472 tls.

422 483 603 530 Philippus
618 482 700 520 alter
716 482 818 529 hujus
835 481 985 517 nominis
1003 479 1163 516 secundus
1183 490 1413 524 cognomento
1429 477 1599 524 Augustus
1610 507 1618 521 ,
1643 479 1877 525 Ingebmgem

270 537 450 572 Danorum
467 534 554 578 regis
572 531 678 567 filiam
697 544 838 569 uxorem
858 531 975 577 paucis
991 527 1066 576 post
1083 529 1340 564 matrimonium
1361 527 1478 563 dicbus
1507 528 1627 576 elapsis
1655 528 1715 565 sub
1743 526 1879 564 consan-

273 585 449 630 guinitatis
485 581 628 618 obtentu
653 581 776 617 dimisit
800 593 889 615 anno
918 591 1043 624 1193.,
1077 591 1113 620 ac
1143 578 1265 613 deinde
1290 591 1379 612 anno
1411 581 1516 622 1196.
1577 583 1743 625 Agnetem
1769 576 1878 612 filiam

273 633 448 670 Bettholdi
465 632 638 668 Meraniae
656 632 750 667 ducis
765 642 905 666 uxorem
925 630 1029 664 duxit.
1082 630 1158 663 Hac
1179 627 1302 674 injuria
1321 639 1513 662 commotus
1533 630 1711 664 Danorum
1727 626 1881 671 rexlega·

275 695 328 725 tos
346 686 489 720 Romam
507 679 613 718 misit,
640 683 701 726 qui
719 680 759 715 de
777 693 812 714 ea
830 678 921 725 apud
953 675 1154 724 pontificem
1183 676 1407 712 Coelestinum
1433 689 1668 721 quererentur.
1736 675 1788 711 Ab
1816 671 1881 710 isto

275 734 377 778 legati
394 734 428 766 in
448 730 594 766 Galliam
614 729 689 765 sunt
705 728 809 767 miffi,
838 729 899 773 qui
916 726 1046 762 Parisiis
1064 726 1246 761 concilium
1267 737 1535 772 congregarunt,
1564 728 1600 761 in
1621 738 1691 772 quo
1711 725 1750 760 de
1767 721 1882 759 refor-

274 781 400 816 mando
425 779 628 825 lugeburgis
654 779 876 814 matrimonio
903 775 948 811 est
971 775 1104 813 naum,
1136 774 1191 810 sed
1209 775 1295 810 nihil
1316 775 1360 810 est
1383 773 1587 821 perfestum.
1640 779 1741 810 Anno
1773 785 1881 816 ¹199·

275 831 416 866 Francia
433 829 492 864 sub
510 827 694 862 interdiEIo
709 826 815 874 posita
829 825 875 861 est
891 838 960 860 non
980 836 1125 871 propter
1151 825 1239 869 regis
1258 825 1534 864 matrimonium,
1561 823 1617 858 sed
1635 825 1714 868 quia
1729 823 1882 867 captivus

276 895 294 916 a
311 876 390 924 rege
410 876 618 912 detinebatur
635 877 774 921 quidam
797 877 915 910 Petrus
931 876 1038 909 Daius
1058 873 1198 908 clericus
1209 875 1242 908 in
1255 873 1451 919 episcopum
1463 871 1734 908 Cameracensem
1744 868 1881 906 elestus.

275 928 352 965 Post
371 940 436 963 tres
453 925 582 962 menses
598 923 816 961 interdifflum
842 922 889 958 est
915 923 1094 958 sublatum.
1112 948 1115 951 ι
1136 922 1259 965 -Quod
1287 934 1396 967 quum
1420 933 1583 957 renovare
1610 921 1707 958 vellet
1730 919 1884 968 synodus

277 977 368 1025 apud
384 977 565 1012 Divionem
581 987 783 1020 congregata
802 1000 810 1014 ,
839 985 894 1007 rex
913 973 954 1007 ad
972 970 1172 1017 pontificem
1184 973 1400 1016 provocavit.
1461 971 1526 1006 Sed
1551 970 1643 1006 nulla
1667 970 1882 1016 provocatio-

280 1031 332 1062 nis
351 1027 421 1074 ejus
444 1027 575 1060 ratione
589 1024 719 1062 habita,
747 1023 900 1071 synodus
916 1018 1136 1056 interdictum
1156 1020 1249 1058 tulit,
1275 1021 1369 1065 quod
1391 1033 1411 1055 a
1437 1019 1638 1065 quibusdam
1663 1018 1708 1055 est
1731 1017 1886 1055 observa-

279 1089 374 1118 tum,
402 1075 443 1110 ab
467 1075 545 1110 aliis
566 1086 647 1110 vero
672 1086 755 1110 non.
815 1077 860 1107 At
888 1070 974 1106 illud
999 1069 1146 1105 omnino
1175 1071 1342 1105 relaxavit
1376 1069 1530 1116 pontifex
1555 1070 1774 1105 Innocentius
1802 1069 1885 1107 111.‚

278 1125 459 1174 postquam
483 1137 539 1159 rex
562 1123 791 1170 Ingeburgem
814 1123 851 1156 in
876 1120 1157 1166 qualemcumque
1182 1120 1325 1166 gratiam
1350 1117 1532 1166 recepisset.
1608 1116 1740 1154 Indiaa
1763 1115 1888 1152 deinde

281 1174 454 1212 Suessione
470 1172 640 1222 synodus,
665 1173 721 1208 cui
731 1169 917 1207 adfuerunt
932 1169 1123 1205 Innocentii
1153 1171 1216 1205 ΙΙΙ.
1252 1168 1366 1214 legati,
1382 1168 1430 1203 ibi
1446 1181 1509 1215 per
1529 1167 1598 1204 dies
1609 1167 1888 1214 quindecimcau-

279 1226 314 1262 sa
328 1223 532 1270 Ingeburgis
553 1233 584 1257 et
600 1222 755 1267 Philippi
770 1220 940 1256 ventilata,
956 1232 1015 1253 rex
1030 1218 1260 1264 ingeburgem
1287 1217 1379 1262 quasi
1409 1229 1556 1253 uxorem⁴
1579 1216 1692 1251 secum
1721 1215 1860 1250 abduxit
1875 1238 1887 1253 .

280 1273 375 1319 quod
393 1271 550 1316 quamvis
574 1283 655 1305 tuuc
673 1271 730 1304 vel
753 1270 861 1304 taedio
878 1266 989 1301 vietus
1008 1267 1060 1310 vel
1083 1266 1203 1312 judicii
1220 1268 1348 1300 exitum
1373 1277 1527 1300 metuens
1554 1263 1706 1299 simulate
1730 1263 1856 1299 fecisset
1874 1289 1885 1305 ,

278 1321 393 1370 postea
411 1331 520 1355 tamen
540 1319 632 1353 illam
649 1330 717 1363 pro
736 1329 841 1352 uxore
855 1315 975 1349 habuit
997 1317 1126 1359 Agnete
1142 1314 1209 1360 jam
1227 1323 1371 1348 mortua.
1425 1317 1519 1349 Haec
1537 1312 1580 1348 est
1595 1325 1709 1348 rerum
1727 1325 1746 1347 a
1772 1313 1887 1358 ponti-

280 1371 404 1408 ficibus
422 1370 457 1404 in
476 1368 658 1414 Philippos
674 1368 828 1413 primum
850 1376 882 1399 et
903 1362 1087 1398 secundum
1102 1361 1269 1408 gestarum
1285 1360 1432 1401 summa,
1468 1376 1507 1397 ex
1533 1375 1598 1407 qua
1626 1362 1788 1408 colligere
1814 1361 1859 1397 est
1877 1387 1888 1405 ‚

279 1419 647 1457 excommunicationes
665 1416 756 1451 haud
772 1413 905 1461 injustis
925 1413 965 1447 de
982 1411 1089 1447 causis
1104 1424 1123 1445 a
1139 1410 1359 1457 pontificibus
1377 1413 1412 1446 in
1437 1412 1515 1447 illos
1532 1411 1627 1454 latas,
1654 1424 1694 1447 eo
1721 1421 1889 1458 tempore,

282 1483 349 1515 quo
366 1468 511 1503 Romani
531 1465 679 1512 episcopi
697 1461 881 1499 auam-itas
914 1463 1062 1496 maxime
1087 1459 1364 1505 praedicabatur,
1389 1472 1455 1496 eta
1479 1461 1588 1497 Gallis
1617 1460 1785 1508 episcopis
1806 1472 1888 1496 con-

283 1519 450 1557 firmatas,
477 1529 496 1550 a
513 1514 684 1561 plerisque
708 1513 818 1547 Gallis
839 1510 930 1545 haud
954 1509 1071 1554 magni
1093 1505 1200 1552 faRas
1222 1505 1339 1548 fuisse,
1375 1507 1576 1555 coastosque
1599 1509 1692 1558 ipsos
1715 1513 1889 1548 Romanos

284 1566 462 1616 pontifices
482 1577 553 1604 εεε,
582 1563 624 1598 ad
642 1574 761 1597 vanam
778 1559 1019 1606 resipiscentiae
1034 1556 1191 1592 umbram
1207 1557 1364 1592 relaxare.
1415 1557 1483 1593 Sub
1499 1557 1603 1593 finem
1631 1561 1730 1604 regni
1755 1559 1888 1607 Philip-

282 1621 319 1665 pi
338 1621 368 1652 II
374 1617 436 1657 .‚in
449 1614 662 1649 Ludovicum
673 1612 743 1660 ejus
763 1610 872 1646 filium
890 1608 1050 1654 Angliam
1066 1618 1287 1652 occupantem
1315 1608 1673 1643 excommunicationis
1688 1606 1888 1646 sententiam

286 1667 364 1704 tulit
378 1663 533 1712 pontifex
544 1663 730 1698 Honorius
743 1663 816 1701 III.,
830 1658 884 1694 sed
899 1658 1096 1694 Ludovicus
1112 1655 1203 1691 nulla
1222 1655 1292 1703 ejus
1310 1656 1440 1690 ratione
1457 1656 1570 1692 habita
1589 1670 1607 1692 a
1624 1656 1802 1704 proposito
1820 1671 1890 1694 non

287 1715 432 1754 destitit:
460 1725 637 1758 quumque
653 1709 810 1758 pontifex
834 1711 873 1744 in
888 1707 1087 1753 Philippum
1104 1705 1205 1753 hussus
1219 1716 1351 1752 patrem
1363 1731 1372 1745 ‚
1400 1717 1574 1751 tamquam
1585 1707 1654 1754 ejus
1662 1705 1892 1754 proteGorem

285 1767 439 1803 eamdem
461 1763 655 1798 sententiam
672 1761 774 1796 vellet
799 1758 997 1794 extendere,
1023 1756 1130 1800 idque
1150 1756 1184 1790 in
1207 1754 1373 1789 mandatis
1399 1754 1536 1791 dedisset
1559 1755 1739 1791 Senonenfi
1765 1757 1892 1791 archie-

286 1815 449 1864 piscopo,
479 1812 646 1847 Gallicani
661 1808 823 1845 antistites
841 1808 1026 1843 Meloduni
1052 1805 1249 1851 congregati
1277 1803 1464 1843 statuerunt
1491 1805 1685 1852 pontificiae
1709 1803 1892 1841 sententiae

287 1867 455 1904 rationem
474 1861 663 1896 habendam
683 1873 752 1894 uon
771 1857 847 1893 effe.

431 1915 470 1946 Iu
489 1912 628 1955 negorio
647 1909 798 1955 Philippi
819 1906 953 1942 Pulchri
970 1905 1053 1940 ficut
1070 1904 1226 1950 iniquior
1244 1915 1315 1938 erat
1335 1901 1544 1950 pontificum
1561 1914 1719 1944 conatus,
1748 1904 1794 1938 ita
1821 1915 1891 1939 ma·

283 1967 338 2008 'ior
358 1964 456 1997 eriam
477 1960 543 1995 fuit
561 1959 742 1994 Gallorum
761 1960 870 2004 vigor.
923 1958 1010 1990 Cum
1029 1956 1119 1989 enim
1146 1950 1339 1988 Bonifacius
1366 1956 1462 1988 VIII.
1486 1952 1685 1999 Philippum
1705 1953 1891 1990 Pulchrum

282 2008 334 2051 'ob
354 2014 524 2046 detentum
543 2007 785 2054 Apameensem
808 2004 1009 2052 episcopum
1035 2000 1266 2038 Narbonenfis
1290 2001 1534 2049 archiepiscopi
1553 2015 1656 2048 opera
1679 2001 1891 2048 objurgasset,

288 2065 372 2101 datis
389 2062 488 2096 etiam
510 2059 649 2094 litteris,
678 2056 800 2101 quibus
820 2068 897 2089 eum
917 2056 950 2088 in
970 2052 1212 2098 temporalibus
1230 2064 1298 2086 non
1325 2051 1416 2087 secus
1442 2065 1480 2087 ac
1510 2054 1545 2087 in
1570 2051 1800 2097 spiritualibus
1826 2051 1890 2087 fibi

288 2110 416 2151 subesse
442 2107 568 2144 aiebat,
603 2118 734 2140 necnon
757 2105 797 2139 ad
816 2104 864 2145 se,
894 2117 963 2139 non
986 2104 1027 2137 nd
1047 2114 1160 2149 regem
1176 2100 1419 2136 beneficiorum
1438 2113 1470 2136 et
1498 2101 1766 2147 praebendarum
1792 2100 1890 2145 colla-

287 2166 415 2200 tionem
437 2155 603 2204 speRare:
629 2156 687 2190 has
706 2155 886 2200 Philippus
904 2156 937 2188 in
956 2153 1083 2198 palatio
1097 2163 1209 2187 coram
1234 2150 1392 2195 pluribus
1417 2152 1557 2185 cremari
1582 2148 1893 2197 jussit,respondit-

288 2226 354 2258 que
371 2206 524 2257 pontifici
543 2205 622 2250 sein
642 2204 886 2251 temporalibus
906 2203 1029 2238 nemini
1054 2199 1194 2240 subesse,
1222 2211 1254 2234 et
1271 2201 1311 2235 ad
1337 2200 1367 2234 se
1395 2199 1606 2234 ecclesiarum
1631 2210 1662 2234 et
1685 2197 1893 2244 praebenda-

285 2276 366 2302 xum
381 2258 593 2296 collationem
610 2256 685 2303 jure
708 2255 802 2301 regio
818 2256 999 2302 pertinere,
1027 2263 1085 2287 eos
1102 2262 1199 2291 vero,
1228 2249 1572 2298 quialitersentirent,
1587 2247 1699 2285 fatuos
1709 2247 1771 2285 effe
1786 2261 1823 2283 ac
1841 2248 1895 2290 deff

1745 2309 1838 2333 men-
