2022 2733
289 206 799 258 maenam-armum
834 207 1183 258 maroneae.
1234 210 1480 253 Dauum.
1583 227 1690 267 ¹209?

86 311 126 334 ne
145 309 222 334 cum
243 296 370 333 venerit
388 296 765 343 Corinthum‚c0gatur·
780 297 906 334 multos
925 297 1040 344 lugere
1063 311 1101 334 ex
1119 300 1171 340 iis,
1183 301 1328 345 quiante
1343 311 1565 349 peccaverant
1584 312 1618 339 et
1635 315 1700 340 non

83 357 232 396 egerant
245 349 492 394 poenitentiam
501 347 609 395 super
626 347 856 389 immunditia,
876 351 1114 397 fornicatione
1129 359 1161 384 et
1180 351 1403 397 impudicitia,
1424 351 1537 388 subdit
1554 365 1624 398 cap.
1642 365 1697 397 13.

82 399 167 434 Ecce
185 400 290 433 tertio
309 399 408 431 venio
426 395 471 436 ad
488 408 562 442 vasa,
591 399 628 432 in
648 408 704 446 ore
719 395 857 441 duarum
874 399 929 433 vel
945 401 1049 433 trium
1059 394 1167 445 stabit
1185 412 1280 435 omne
1298 400 1453 442 verbum,
1478 403 1642 449 praedixi
1665 412 1699 439 et

82 447 263 494 praedico,
282 455 320 481 ut
337 447 494 493 praesens
517 455 549 481 et
559 458 644 481 nunc
663 443 777 494 absens
794 448 857 487 iis,
874 450 934 496 qui
963 457 1042 484 ante
1065 459 1293 494 peccaverunt
1320 459 1354 485 et
1377 455 1516 486 caeteris
1539 451 1697 494 omnibus,

84 495 287 545 quoniam,fi
304 497 577 537 venero,iterum
596 507 660 544 non
676 507 814 545 planam
843 522 849 530 .
879 521 887 530 .
915 522 924 530 .
943 496 1022 541 uideo
1041 498 1122 531 haec
1138 496 1250 542 absens
1261 499 1384 542 scribo,
1404 509 1442 535 ut
1464 503 1619 547 praesens
1635 514 1698 540 non

84 545 203 581 dur-ius
225 558 336 594 agam.
392 544 445 579 Ad
463 540 566 589 quem
584 544 699 578 locum
709 542 973 590 Chrysostomus
989 542 1144 579 observat
1156 546 1297 580 Paulum
1313 548 1349 580 in
1361 548 1597 584 denuntiandis
1618 550 1697 598 sup-

85 596 197 641 pliciis
209 593 404 641 apostolum
429 593 637 628 mumanae
655 593 885 628 vehementem
909 591 990 635 esse,
1041 593 1077 627 in
1101 590 1288 628 inferendis
1314 596 1448 631 tardum
1475 609 1512 632 ac
1540 597 1696 644 segnenu

84 645 203 693 Neque
221 649 307 680 enim
326 644 365 678 de
375 646 436 679 iis,
463 644 593 686 inquit,
620 645 678 689 qui
691 641 885 689 peccabant,
899 654 1021 693 poenas
1030 642 1147 689 statim
1155 643 1288 692 sumsit,
1313 645 1374 689 fed
1381 647 1484 691 semel
1508 656 1609 694 atque
1633 651 1697 683 ite-

85 706 158 730 rum
175 693 426 733 adrnonuit„.et
444 704 484 735 ne
499 691 539 736 fic
555 692 688 739 quidem
702 694 743 739 vin
766 701 968 734 contumaces
987 692 1251 734 animaduertit,
1273 695 1338 740 sed
1353 699 1470 741 rursus
1486 696 1639 731 admonet
1663 709 1700 732 ae

87 744 268 784 denuntiat
283 741 410 781 dicens,
422 744 526 776 tertio
544 742 600 777 lzoc
618 743 716 776 venio
727 741 773 777 ad
791 755 857 779 vos.
909 741 1007 778 Idem
1032 742 1068 778 in
1085 742 1231 778 homilia
1249 743 1396 788 quadarn
1422 744 1464 779 de
1487 747 1699 791 poenitentia

87 793 143 836 ait,
160 791 299 827 Paulum
310 791 373 825 'hac
390 790 624 832 moderatione
634 791 706 840 buti,
734 789 771 826 ut
787 792 864 830 illos
883 804 944 839 per
962 788 1162 838 patientiam
1177 790 1220 827 ad
1239 795 1486 839 poenitentiam
1506 795 1697 833 adduceret.

85 855 148 879 non
167 845 251 877 enim
267 849 474 890 peccatores,
496 840 559 886 sed
576 853 643 876 non
658 845 868 887 poenitentes
885 868 893 883 ‚
921 841 1080 889 lacrymis
1099 842 1232 889 dignos*
1242 842 1320 878 fore
1341 843 1433 880 dicit.
1487 847 1569 890 Agit
1584 859 1696 891 porro

87 892 142 926 hic
159 889 331 937 apostolus
351 889 392 924 de
409 890 759 926 excommunicatione
789 892 825 926 in
857 890 1042 928 convifi‘tos
1061 917 1070 931 ,
1122 903 1155 927 et
1190 894 1437 938 poenitentiam
1463 907 1563 939 agere
1587 895 1697 929 detre-

71 938 212 987 {stantes
229 965 239 978 ,
268 940 434 984 docetque
464 940 616 985 exemplo
636 938 696 975 suo
728 966 736 982 ,
795 939 892 981 istam
929 942 1315 977 excommunicationem
1347 940 1434 978 ferri
1465 956 1535 978 non
1575 944 1698 979 debere

88 991 124 1026 in
143 1018 149 1022 ,
165 990 249 1029 alios
279 1002 396 1037 'quam
425 989 460 1023 in
494 989 651 1035 publicos
678 1001 889 1035 peccatores,
946 1001 977 1025 et
1008 990 1148 1037 quidem
1178 991 1338 1037 pluribus
1376 992 1508 1028 vicibus
1543 993 1698 1028 admoni-

90 1035 168 1079 ποκ’,
201 1049 234 1072 et
257 1038 301 1073 ad
319 1039 568 1083 poenitentiam
594 1037 717 1085 sponte
741 1041 904 1084 agendam
928 1040 1097 1074 excitatos.
1177 1041 1270 1075 Hinc
1294 1040 1477 1085 aliquando
1506 1055 1697 1088 peccatores

92 1089 190 1123 etiam
207 1086 358 1122 conviffi
373 1088 724 1136 excommunicatione
741 1088 933 1124 medicinali
946 1088 1150 1137 priusquam
1167 1088 1303 1124 mortali
1318 1088 1575 1135 pleerantur,
1601 1105 1696 1138 prae-

91 1139 190 1184 cipue
207 1137 266 1171 ubi
282 1136 357 1182 spes
374 1136 620 1171 emendationis
640 1148 718 1175 erat.
772 1140 869 1172 Certe
889 1139 1008 1173 annuit
1029 1135 1248 1183 Augustinus,
1273 1139 1363 1174 hunc
1375 1138 1472 1174 fuiss‘e
1490 1154 1623 1176 morem
1646 1154 1698 1176 ec-

91 1186 202 1223 clesiae
221 1184 418 1220 Africanae:
441 1185 519 1220 'Nos
537 1198 634 1222 vero,
661 1186 773 1229 inquit
791 1186 910 1220 homil.
928 1199 981 1229 50‚
1004 1187 1046 1220 de
1062 1189 1288 1231 poenitentia,
1315 1201 1335 1222 a
1351 1192 1573 1225 communione
1591 1204 1698 1237 quem-

91 1248 187 1284 quam
204 1232 386 1281 pr'olzibere
402 1246 469 1268 non
481 1234 663 1279 postumus,
691 1237 842 1279 quamvis
859 1236 936 1268 haec
951 1235 1138 1280 prohibitio
1156 1236 1354 1280 nondumfit
1371 1241 1537 1275 mortalit,
1558 1240 1621 1283 sed
1637 1253 1697 1274 me-

93 1285 267 1328 dicinalis,
295 1283 355 1328 ”fi
372 1291 432 1317 aut
448 1282 769 1329 spontefconfeffitm,
796 1291 857 1316 aut
873 1285 910 1316 in
932 1282 1126 1330 aliquofive
1148 1285 1315 1329 saeculari
1329 1285 1401 1331 five
1423 1287 1620 1332 ecclesiastico
1638 1291 1698 1334 ju-

94 1334 179 1377 dicio
205 1335 409 1369 nominatum
435 1339 537 1378 atque
561 1332 755 1366 connis-ium.
808 1333 858 1365 Ex
889 1331 1012 1375 quibus
1036 1330 1151 1365 verbis
1176 1331 1698 1376 liquet,excommunicationem

94 1382 330 1419 medicinalem
347 1379 545 1427 praeceffiffe
566 1380 765 1428 mortalem,
794 1393 893 1426 atque
914 1382 1012 1416 etiam
1031 1381 1066 1415 in
1085 1378 1261 1416 counitos
1278 1379 1377 1416 fuisse
1402 1383 1515 1420 latam.
1571 1388 1607 1420 In
1635 1399 1700 1431 po-

94 1428 291 1469 sterioribus
313 1430 465 1466 conciliis
482 1430 637 1465 mortalis
654 1431 958 1473 excommunicatio
973 1430 1100 1466 dicitur
1115 1431 1302 1471 anathema,
1314 1432 1408 1476 quod
1424 1445 1601 1479 antequam
1619 1449 1699 1481 pro-

94 1482 269 1518 nuntietur
287 1483 320 1516 in
340 1481 481 1517 noxios,
507 1478 669 1526 jubentur
683 1480 779 1525 prius
797 1481 1093 1515 excommunicari.
1149 1481 1202 1516 Sic
1218 1481 1252 1516 in
1270 1483 1390 1526 quinta
1407 1482 1539 1529 synodo
1550 1488 1702 1521 Romana

95 1531 378 1580 sub'Symmacho
400 1531 555 1575 primum
576 1529 861 1563 excommunicari
876 1530 1037 1576 jubentur
1060 1529 1176 1575 ii‚qui
1202 1529 1334 1566 decreta
1355 1531 1490 1567 concilii
1514 1534 1701 1578 violarent;

94 1595 131 1618 ac
151 1581 274 1616 deinde
299 1579 322 1614 fi
348 1578 379 1614 se
400 1592 471 1614 non
496 1574 1080 1617 emendassent,anathemateferiri.
1132 1583 1306 1626 Agapetus
1325 1580 1419 1627 epist.
1442 1586 1474 1616 6.
1494 1583 1701 1631 ait,Cytum

95 1642 127 1666 et
144 1630 213 1677 ejus
232 1629 387 1674 sequaces
407 1627 474 1674 jam
497 1626 822 1667 excommunicatos,
849 1625 874 1661 fi
902 1626 935 1662 se
961 1640 1030 1663 non
1051 1629 1283 1670 emendarent,
1302 1630 1511 1667 anathemate
1532 1630 1704 1669 feriendos

97 1677 169 1714 effe.
220 1677 390 1713 Nicolaus
410 1678 544 1722 primus
563 1675 702 1722 epistola
723 1689 754 1720 7.
773 1679 920 1724 Joannes
940 1679 1036 1712 VIII.
1056 1676 1150 1723 epist.
1175 1691 1230 1723 17.
1247 1681 1426 1715 anathema
1443 1682 1573 1726 pariter
1589 1682 1704 1718 distin-

97 1739 210 1776 guunt
233 1740 252 1761 a
275 1726 420 1772 fimplici
443 1726 807 1760 excommunicatione.
859 1730 1016 1761 Attamen
1044 1738 1119 1765 non
1142 1726 1278 1774 semper
1303 1731 1606 1767 excommunicatio
1632 1745 1704 1767 me-

99 1777 251 1813 dicinalis
264 1773 434 1821 praeceffit
451 1774 648 1812 mortalem,
674 1787 855 1821 praecipue
871 1775 930 1810 ubi
950 1775 1041 1811 nulla
1059 1773 1136 1821 spes
1155 1779 1400 1813 emendationis
1420 1780 1619 1825 apparebam
1647 1780 1706 1818 sed

97 1824 298 1874 praecessere
324 1823 459 1870 semper
480 1824 730 1859 admonitiones
757 1826 1112 1860 excommunicationis
1130 1825 1345 1866 sententiam,
1372 1828 1522 1873 haecque
1545 1829 1704 1866 solemnis

97 1874 165 1912 fuit
182 1874 333 1911 ecclesiae
351 1872 573 1909 consuetudo.
627 1873 747 1909 Testes
765 1873 842 1909 sunt
858 1874 959 1922 hujus
976 1876 1024 1912 rei
1039 1886 1150 1921 patres
1161 1875 1328 1922 Ephefini,
1347 1877 1408 1921 qui
1423 1879 1612 1917 canonibus
1631 1879 1707 1916 san-

98 1926 204 1967 citum
223 1923 286 1959 effe
302 1923 413 1971 ajunt,
440 1934 478 1958 ut
506 1935 582 1958 reus
600 1924 703 1959 tertio
720 1936 869 1959 vocetur.
922 1924 1046 1960 Sanc‘ia
1068 1923 1229 1971 synodus,
1257 1926 1421 1971 iuquiunt
1442 1925 1576 1964 afflone
1599 1942 1627 1966 1.
1652 1944 1708 1967 ca-

98 1974 240 2012 mnibus
259 1973 487 2020 obtemperans
504 1975 608 2008 tertio
625 1974 811 2019 Nestorium
829 1977 980 2009 vocavit:
1008 1978 1048 2009 Et
1069 1972 1148 2020 post
1164 1975 1334 2022 Juvenalis
1353 1976 1707 2028 Hierosolymitanus:

101 2027 178 2061 Cum
196 2026 304 2072 leges,
331 2023 459 2067 inquit,
487 2022 857 2071 ecclefiasticaejubieant
875 2026 980 2059 tertio
1005 2035 1079 2059 reos
1099 2027 1228 2066 vocari,
1249 2034 1288 2061 ut
1297 2024 1424 2073 seipsa!
1450 2027 1639 2075 defendant
1664 2029 1707 2066 ab

98 2077 152 2111 iis,
167 2074 209 2108 de
224 2072 339 2122 quibus
359 2074 567 2117 accusantur.
580 2075 616 2107 In
634 2073 729 2108 relat.
747 2073 788 2108 ad
807 2074 1060 2118 imperatorem.
1113 2075 1191 2108 Cum
1209 2087 1345 2110 canones
1357 2074 1503 2121 jubeant
1526 2082 1630 2113 tertio
1653 2083 1708 2115 in-

101 2123 288 2158 obedientes
316 2124 442 2155 vocari.
494 2122 579 2156 Inde
603 2134 620 2156 a
638 2121 794 2168 patribus
815 2120 1092 2158 Chalcedonenfis
1118 2123 1250 2158 concilii
1276 2125 1321 2158 ita
1346 2136 1396 2159 ter
1415 2138 1553 2164 vocatus
1581 2128 1708 2164 dicitur

100 2171 302 2211 Diostorus,
325 2173 431 2217 juxta
450 2172 585 2215 sanft'os
612 2181 644 2206 et
672 2171 808 2207 divinos
837 2184 981 2208 canones.
999 2174 1096 2207 Extat
1113 2184 1227 2208 autem
1250 2173 1308 2208 iste
1330 2185 1438 2210 canon
1456 2177 1545 2211 inter
1563 2179 1707 2222 eos,qui

106 2219 265 2255 dicuntur
283 2219 424 2265 apostoli
445 2233 500 2264 74.
521 2230 623 2265 atque
641 2220 700 2257 ista
716 2219 922 2257 consuetudo
941 2222 975 2256 in
993 2234 1085 2257 novo
1110 2222 1208 2257 etiam
1231 2222 1304 2270 jure
1330 2223 1488 2261 obtinuit.
1541 2229 1617 2261 Nec
1642 2227 1708 2263 alia

106 2269 227 2304 melior
240 2270 342 2318 hujus
361 2270 448 2307 ratio
467 2269 567 2306 reddi
583 2269 694 2318 potest
711 2283 814 2317 quam
840 2284 1012 2308 maternus
1033 2270 1184 2308 ecclesiae
1203 2273 1241 2309 in
1267 2271 1407 2310 cunfflos
1427 2272 1585 2317 αὶῖεᾶυε,
1639 2289 1709 2321 quo

1052 2323 1083 2357 D
1096 2319 1118 2356 d
1521 2335 1661 2373 cuperet
