1982 2739
345 232 413 273 158
588 224 660 262 DE
686 216 957 268 ANTIQUA
989 218 1598 274 ECCLESIAEKDISCPLINA

292 327 368 352 mos
385 312 574 362 episcopos.
624 312 749 348 Tertio
760 336 770 353 ,
795 307 985 350 Africanos
1002 307 1144 345 statuiss'e
1161 306 1241 344 seed
1260 318 1394 355 tempus
1411 306 1648 344 observaturos
1667 308 1754 344 circa
1771 317 1902 344 utrum·

296 379 363 412 que
379 365 430 406 id,
442 364 534 410 quod
555 361 743 398 habebatur
758 361 793 396 in
809 359 997 397 canonibus
1016 357 1276 399 Sardicenlibus,
1300 371 1385 403 quos
1402 370 1468 404 pro
1488 357 1648 393 Nicaenis
1668 357 1825 394 laudabat
1835 362 1903 394 Zo-

295 418 426 455 azimus,
453 414 560 449 donec
577 412 685 449 adlata
701 409 802 448 essent
818 409 954 447 concilii
977 409 1124 447 Nicaeni
1148 407 1349 455 exemplaria
1373 420 1390 442 e
1418 408 1570 443 Graecia.
1633 410 1787 450 Quarto,
1822 409 1903 444 haec

294 464 378 511 ipsis
400 461 472 498 visa
490 460 552 498 else
571 473 661 498 nova
679 472 710 498 et
730 459 967 496 intolerabilia.
1027 459 1177 505 Quinto,
1216 455 1359 492 statuisse
1385 469 1443 492 eos
1468 455 1501 491 se
1527 457 1671 491 minime
1695 456 1903 493 toleraturos

292 526 350 550 aut
364 512 608 560 adpellationes
625 508 866 558 episcoporum
883 509 926 544 ad
942 512 1135 545 Romanum
1153 505 1354 554 pontificem
1372 516 1430 541 aut
1453 505 1654 540 clericorum
1680 504 1842 553 confugia
1859 506 1902 542 ad

291 563 457 599 finitimos
475 560 673 609 episcopos,
726 558 787 594 nili
804 561 839 595 in
859 558 1103 605 exemplaribus
1122 557 1268 594 Nicaeni
1293 555 1427 591 concilii
1444 567 1462 589 e
1481 555 1624 590 Graecia
1639 555 1756 590 adlatis
1775 557 1903 602 reperi·

290 625 384 649 retur
402 622 586 656 utrumque
605 609 783 645 sancitum.
837 610 944 643 Porro
961 607 1154 644 concilium,
1173 607 1208 640 in
1220 617 1289 651 quo
1304 604 1391 640 istud
1410 603 1571 640 sancitum
1585 603 1649 642 est,
1676 617 1744 640 non
1755 601 1823 641 fuit
1832 605 1902 641 tan-

291 674 365 698 tum
382 660 524 699 Aurelii
543 671 622 694 cum
637 660 754 706 paucis
771 656 972 700 Africani53
998 655 1051 692 sed
1070 656 1099 692 ei
1115 655 1319 690 Valentinus
1341 654 1530 690 Numidiae
1554 655 1685 700 primas
1713 666 1790 690 cum
1817 654 1899 692 Au.

290 710 427 759 gustino
449 722 480 746 et
498 709 571 745 aliis
591 720 739 744 nurnero
760 720 841 752 ²¹7-
867 705 1035 753 episcopis
1055 702 1229 743 interfuit.
1264 703 1402 748 fuitque
1426 703 1620 750 plenarium
1654 715 1685 738 et
1712 703 1899 740 universale

289 763 394 804 totius
407 759 565 798 Africae.
619 761 695 794 Imo
720 758 756 792 in
782 769 822 792 eo
846 756 990 791 concilio
1009 754 1229 802 Augustinus
1256 751 1434 789 interfatus
1460 752 1505 788 est
1529 765 1671 788 canones
1699 752 1762 788 effe
1787 753 1899 790 obser·

292 810 421 846 vandos
432 807 747 853 salvainquifitione
763 805 900 841 concilii
916 806 1061 840 Nicaeni
1072 830 1081 845 ,
1109 815 1141 840 et
1152 815 1240 838 unus
1258 801 1324 839 fuit
1342 816 1358 837 e
1375 802 1503 848 legatis,
1520 804 1581 848 qui
1591 803 1669 837 huic
1686 802 1845 849 epistolae
1855 802 1897 839 ad

289 857 506 895 Bonifacium
524 856 804 903 subscripserunt.
856 857 974 898 Itaque
1001 853 1145 888 dubium
1171 851 1235 887 ess'e
1259 865 1330 887 non
1358 852 1472 892 debet,
1525 852 1609 896 quin
1628 851 1850 898 Augustinus
1867 864 1899 889 et

287 909 344 944 alii
364 920 482 944 omnes
501 906 656 952 episcopi
672 903 835 942 Africani
853 902 929 950 post
947 902 1098 937 reditum
1114 903 1305 947 legatorum
1318 927 1326 941 ,
1352 912 1430 936 cum
1450 912 1663 948 compertum
1680 901 1726 936 est
1751 913 1899 937 canones

288 957 370 994 istos
392 969 460 992 non
479 954 540 990 effe
559 956 707 991 Nicaeni
727 953 881 989 concilii,
907 952 999 986 idem
1018 964 1097 986 cum
1113 952 1156 985 iis
1168 950 1340 990 senserint,
1359 950 1417 994 qui
1434 949 1549 996 postea
1571 962 1609 985 ex
1619 951 1800 986 universali
1816 963 1901 987 con.

287 1007 368 1042 cilio
384 1003 560 1041 Africano
578 1002 784 1048 scripserunt
801 1001 842 1035 ad
862 998 1107 1037 Coelestinum‚
1134 1011 1194 1033 nec
1219 998 1458 1045 episcoporum
1485 998 1729 1044 adpellationes
1755 1001 1900 1035 toleran-

286 1056 346 1090 das
363 1052 437 1091 effe,
457 1064 518 1087 nee
526 1051 807 1100 presbyterorum
826 1060 883 1084 aut
899 1045 1109 1084 inferiorum
1125 1047 1324 1083 clericorum
1341 1046 1500 1094 improba
1516 1045 1679 1095 confugia
1697 1046 1762 1084 effe
1778 1049 1901 1086 admit.

290 1104 401 1140 tenda.
454 1102 587 1137 Deinde
603 1098 820 1146 Augustinus
839 1110 872 1133 et
898 1098 955 1132 alii
980 1110 1101 1132 omnes
1124 1098 1160 1132 in
1185 1096 1371 1132 canonibus
1390 1096 1491 1145 hujus
1508 1097 1642 1132 concilii
1660 1096 1841 1134 statuerant
1859 1098 1900 1134 de

289 1152 481 1200 episcopis,
511 1163 580 1187 non
599 1149 690 1185 secus
707 1161 744 1184 ac
759 1148 799 1183 de
819 1147 948 1182 clericis
962 1146 1210 1183 observandum
1230 1144 1302 1184 effe,
1321 1159 1360 1181 ne
1370 1147 1445 1192 quis
1461 1157 1664 1193 provocaret
1679 1147 1720 1182 ad
1738 1147 1898 1184 transma-

290 1205 366 1239 rina
383 1201 516 1249 judicia.
569 1203 678 1235 Porro
695 1199 760 1232 dici
780 1210 848 1232 non
870 1195 979 1242 potest
994 1196 1030 1230 id
1048 1208 1105 1230 eos
1126 1194 1332 1235 retrastaffe‚
1370 1197 1501 1242 quippe
1526 1194 1708 1234 statuerant
1736 1196 1815 1233 haec
1841 1197 1900 1233 de·

288 1263 376 1287 creta
392 1248 489 1284 firma
504 1247 565 1282 esse
578 1247 704 1287 futura,
724 1245 782 1279 nifi
801 1246 965 1278 constaret
985 1244 1083 1278 aliam
1109 1243 1322 1287 disciplinam
1346 1255 1364 1276 a
1384 1245 1529 1278 concilio
1555 1246 1710 1279 Nicaeno
1736 1244 1898 1282 sancitam

289 1298 399 1336 fuitse.
452 1298 542 1331 Cum
559 1307 643 1340 ergo
659 1292 773 1340 postea
791 1303 1006 1337 compertum
1024 1293 1070 1326 eis
1089 1289 1156 1326 fuit
1174 1291 1257 1324 nihil
1278 1292 1313 1325 in
1341 1292 1488 1326 concilio
1513 1292 1671 1327 Nicaeno
1691 1293 1731 1327 de
1748 1294 1895 1340 adpella-

290 1347 442 1385 tionibus
462 1343 704 1391 episcoporum
724 1354 780 1377 aut
797 1340 970 1386 confugiis
989 1339 1191 1374 clericorum
1207 1338 1365 1374 statutum
1392 1338 1505 1380 fuisse,
1542 1339 1688 1376 liberum
1714 1342 1794 1389 ipfis
1827 1355 1896 1379 non

290 1397 360 1434 fuit
378 1407 542 1432 canonem
559 1394 660 1429 istum
678 1390 838 1427 adversus
857 1388 1098 1436 episcoporum
1115 1388 1356 1433 adpellationes
1379 1401 1448 1424 non
1473 1388 1685 1426 confirmare.
1739 1393 1897 1438 Denique

291 1447 367 1492 quis
382 1455 480 1492 putet
495 1441 736 1488 Augustinum
750 1439 892 1476 Aurelii
910 1435 1095 1472 amiciffimi
1106 1461 1115 1476 ,
1144 1448 1176 1470 et
1193 1438 1355 1472 omnium·
1370 1438 1614 1485 episcoporum
1639 1438 1896 1479 Africanorum

290 1494 438 1535 eausam,
464 1504 565 1538 quam
581 1501 677 1527 antea
705 1489 838 1535 egregie
859 1483 1073 1526 defenderat,
1111 1496 1201 1519 nunc
1228 1484 1423 1527 deseruille,
1458 1499 1535 1523 cum
1557 1488 1691 1536 jamjam
1715 1487 1896 1528 viffioriam

291 1545 495 1582 obtinerent.
546 1543 668 1576 Unum
686 1539 801 1586 objicit
816 1540 934 1583 Lupus
953 1548 1079 1570 nomen
1096 1533 1286 1580 Augustini
1305 1535 1406 1570 initio'
1422 1534 1580 1583 epistolae
1599 1549 1668 1574 non
1690 1549 1897 1588 comparere.

288 1594 371 1631 ficut
390 1603 451 1627 nec
465 1589 636 1626 Valentini
654 1588 841 1625 Numidiae
856 1586 1024 1633 primatis.

435 1639 648 1686 Respondeo,
663 1637 743 1672 inde
762 1648 831 1673 non
851 1636 944 1680 sequi
962 1647 1017 1670 eos
1038 1645 1105 1668 non
1125 1630 1280 1679 probasse
1302 1633 1388 1668 hanc
1414 1632 1608 1680 epistolam,
1660 1633 1714 1670 sed
1743 1635 1785 1670 ad
1805 1634 1896 1672 sum.

290 1705 385 1730 mum
403 1703 472 1726 non
493 1688 590 1725 fuisse
608 1702 625 1724 e
642 1699 789 1722 numero
808 1686 999 1731 legatorum
1019 1697 1038 1718 a
1056 1681 1199 1718 concilio
1217 1682 1395 1717 universali
1413 1682 1558 1720 Africae
1583 1683 1824 1731 deputatorum
1851 1686 1893 1723 nd

290 1755 361 1779 eam
383 1739 611 1776 scribendam:
639 1736 731 1783 quod
749 1736 887 1781 quidem
904 1734 944 1768 de
961 1730 1162 1780 Augustino
1179 1729 1313 1766 videtur
1343 1730 1406 1766 effe
1433 1732 1623 1770 dicendum.
1674 1733 1729 1770 At
1759 1734 1799 1769 de
1824 1736 1892 1772 Va.

287 1793 418 1828 lentino
439 1802 506 1825 non
526 1790 626 1829 iremff,
654 1798 730 1822 nam
750 1784 924 1822 secundus.
946 1785 1004 1828 qui
1023 1785 1059 1816 in
1075 1782 1207 1816 Graeco
1235 1781 1349 1816 codice
1376 1793 1407 1816 et
1425 1781 1505 1817 alibi
1529 1783 1654 1818 dicitur
1680 1783 1890 1827 Palentinus‚
1929 1784 1935 1786 “

287 1842 370 1878 alius
388 1838 448 1875 effe
466 1851 533 1874 non
548 1835 660 1884 potest
675 1849 693 1871 a
716 1835 918 1876 Valentin03
945 1833 1029 1867 hanc
1047 1829 1313 1866 emendationem
1330 1830 1431 1876 q'uam
1454 1829 1548 1866 ferre
1573 1844 1640 1866 non
1663 1831 1773 1878 potest
1788 1833 1891 1869 Chri.

289 1892 412 1926 stianus
431 1892 566 1935 Lupus,
593 1897 742 1933 nuperus
761 1883 987 1920 conciliorum
1006 1882 1113 1916 editor
1129 1879 1213 1916 adeo
1232 1892 1344 1915 veram
1364 1880 1424 1914 else
1440 1881 1622 1917 arbitratus
1640 1880 1702 1922 est,
1729 1893 1766 1917 ut
1785 1883 1818 1917 in
1838 1883 1890 1917 in-

289 1941 471 1985 scriptione
488 1936 645 1984 epistolae
659 1932 853 1983 reposuerit
870 1931 1043 1969 Valentini
1058 1941 1201 1970 nomen,
1228 1941 1260 1964 et
1281 1930 1320 1964 ad
1340 1931 1527 1975 marginem
1550 1931 1724 1967 annotarit
1748 1931 1892 1968 Palenti·

286 2001 349 2026 nus
367 1987 534 2022 mendose.
1108 2007 1115 2016 ,

434 2035 548 2072 Addit
565 2035 655 2069 idem
673 2037 790 2080 Lupus
810 2029 1047 2078 Augustinum
1066 2041 1097 2064 et
1114 2026 1332 2064 Valentinum
1351 2027 1502 2073 proball'e
1529 2027 1790 2076 adpellationem
1808 2029 1892 2068 An-

289 2087 372 2125 tonii
389 2084 605 2123 Fuffisseufls,
629 2083 720 2127 quod
743 2081 862 2117 falsum
896 2079 957 2115 else
982 2079 1091 2127 supra«
1104 2078 1290 2112 docuimus.

436 2134 567 2170 Deinde
584 2132 755 2172 observat,
773 2131 965 2168 Aurelium
992 2139 1164 2173 nunquam
1191 2127 1223 2158 in
1250 2124 1328 2159 albo
1356 2123 1546 2161 sanstorum
1571 2125 1756 2174 ascriptum
1774 2123 1888 2171 fuisse,

290 2183 554 2232 Augustinume
570 2194 687 2217 contra
704 2183 830 2217 Romae
851 2181 981 2226 semper
996 2176 1204 2213 venerationi
1226 2172 1341 2215 fuisse,
1371 2187 1403 2209 ct
1426 2175 1466 2209 ab
1490 2176 1563 2223 ipso
1581 2175 1772 2211 Caelestino
1793 2175 1903 2212 coma*

286 2235 482 2272 mendarum
498 2244 536 2267 ut
557 2233 680 2272 virum,
698 2243 788 2279 quem
811 2242 974 2277 nunquam
983 2226 1335 2275 sinistraefitspicionis
1358 2237 1472 2259 rumor
1492 2228 1611 2270 saltem
1629 2225 1771 2272 aspersit.
1826 2226 1888 2265 Id,

286 2287 398 2331 inquit
414 2286 555 2330 Lupus,
583 2294 650 2318 nvn
658 2284 764 2328 solum
780 2279 818 2317 ob
836 2279 957 2318 refffam
974 2280 1042 2326 ejus
1059 2276 1099 2312 de
1119 2274 1249 2310 divinis
1264 2275 1403 2323 auxiliis
1422 2275 1626 2315 dominam,
1646 2275 1710 2322 ch
1731 2277 1833 2311 etiam
1848 2275 1887 2318 ob

1769 2325 1839 2371 ejut
