2023 2760
315 213 823 255 msSERTATioNEs
873 211 1225 249 HISTORICAE.
1275 213 1438 250 stsm.
1473 215 1518 251 11.
1629 192 1679 260 ,ς’

116 309 204 350 tani,
238 309 286 344 ita
310 308 412 342 etiam
436 301 606 339 eximendi
632 301 795 337 videntur
820 301 867 341 ii,
901 301 961 346 qui
984 299 1193 347 patriarchae
1210 302 1425 340 Antiocheno
1451 315 1482 339 et
1498 302 1730 339 Alexandrino

116 358 350 407 subjacebant,
378 357 424 390 ita
441 365 478 389 ut
495 352 554 388 ista
573 349 697 386 sanfflo
715 350 757 386 ad
779 350 1060 396 metropolitanos
1080 362 1208 387 tantum
1221 351 1358 388 Afianae
1375 365 1406 388 et
1424 355 1580 389 Ponticae
1598 352 1728 387 dioece-

114 410 189 446 seos
215 408 397 455 pertineat,
440 415 523 449 quas
550 399 717 436 dioeceses
737 398 1116 446 Constantinopolitano
1141 400 1292 447 praesuli
1315 402 1478 452 subjicere
1495 402 1561 450 jam
1589 413 1661 437 tum
1688 403 1725 436 in

114 471 228 495 mente
252 455 419 493 habebant
443 452 563 502 synodi
583 448 858 486 Chalcedonenfis
887 461 1012 495 patres.
1090 453 1198 486 Porro
1224 453 1510 499 metropolitanos
1534 451 1727 487 dioeceseos

113 509 259 546 ‚orientis
276 518 307 542 et
322 505 470 553 Aegypti
490 502 532 537 ad
550 498 962 545 Constantinopolitanam
982 499 1094 534 sedem
1116 498 1244 535 deferri
1263 514 1333 536 non
1350 501 1516 548 potuisse,
1544 499 1670 537 constat
1687 513 1727 536 ex

114 558 298 608 justiniani
318 554 462 591 novellis
486 562 564 595 ¹23-
583 562 654 596 cap.
678 561 732 583 22.
753 560 785 582 et
803 549 933 583 novella
961 561 1038 593 137,
1059 551 1093 583 in
1124 549 1248 593 quibus
1269 548 1382 592 sancit,
1400 563 1438 587 ut
1457 552 1727 599 uniuscujusque

113 606 310 644 dioeceseos
339 601 550 651 patriarchae
577 597 925 644 metropolitanorum
950 596 1063 632 causas
1090 597 1166 633 suae
1191 598 1380 636 dioeceseos
1402 600 1564 647 judicent.
1619 600 1727 635 Addit

113 668 285 706 praeterea
299 655 526 703 JttstinianuS,
555 660 593 684 ut
610 651 644 683 in
664 647 768 682 caufis
784 646 1030 694 episcoporum
1049 646 1089 681 fit
1105 649 1306 693 provocatio
1329 661 1349 683 a
1374 647 1506 698 synodo
1529 650 1728 694 provinciae

114 708 158 743 ad
182 705 429 753 patriarcham;
457 712 523 745 qua
543 699 583 733 de
599 711 634 733 re
658 697 839 732 concilium
851 696 1123 732 Chalcedonense
1150 696 1234 731 nihil
1258 697 1433 734 statuerat:
1467 696 1619 734 refertur
1644 699 1727 734 haee

114 755 333 803 imperatoris
351 750 549 796 constitutio
576 761 592 782 a
613 747 737 782 Photio
764 749 796 781 in
816 750 1071 782 Nomocanone
1097 748 1146 782 tit.
1169 760 1198 790 9.
1251 747 1413 796 Episcopi
1438 749 1582 796 ejusdem
1601 748 1728 795 synodi

113 810 207 843 inter
215 807 254 851 se
270 804 432 840 a53ionem
449 800 607 836 hahentes
623 798 669 832 ad
685 798 977 844 metropolitanum
993 798 1098 839 suum,
1109 805 1142 831 et
1159 798 1240 831 alios
1253 797 1372 844 synodi
1386 801 1554 846 epzffcopos
1570 799 1727 846 litigant,

111 865 149 894 et
164 855 224 902 nist
240 863 384 901 utraque
394 863 480 899 pars
491 849 659 895 judicatu
677 847 809 894 inststat‚
839 847 980 893 ipsorum
997 847 1198 892 patriarcha
1218 848 1348 892 causam
1368 849 1557 896 cognoscito,
1587 860 1623 882 ac
1637 849 1726 882 nulli

112 903 367 942 contradicendi
394 903 481 937 iuis,
502 909 586 946 quae
604 896 644 931 ab
664 899 721 931 illo
731 900 941 942 statuuntur,
965 895 1108 942 potestas
1126 897 1210 942 esto,·
1230 896 1259 943 fi
1277 898 1414 933 clericus
1430 897 1590 942 adversus
1605 897 1726 943 episco-

108 955 291 1003 pumsuum
308 952 472 987 afflonem
489 959 620 983 movere
636 948 740 986 velit,
768 946 854 981 idem
874 945 959 992 esto:
988 957 1056 980 cum
1083 956 1192 980 autem
1219 955 1336 981 contra
1356 949 1648 992 metropolitanum
1674 949 1726 980 in-

112 1004 308 1051 terpellatio
326 1001 537 1046 instituitur,
564 997 764 1042 patriarcha
786 995 885 1042 ipsius
893 995 1052 1041 fimiliter
1067 998 1246 1042 cognoscito
1254 1007 1268 1039 3
1286 995 1317 1041 fi
1334 996 1467 1042 quidem
1488 998 1654 1042 episcopus
1664 996 1726 1041 ju-

110 1054 262 1089 dicavit,
288 1050 564 1095 metropolitanus
582 1057 650 1078 rem
673 1046 884 1087 examinat03
906 1043 935 1088 fi
954 1054 1033 1076 vero
1059 1045 1354 1088 metropolitanus,
1377 1045 1578 1090 patriarcha
1603 1057 1724 1092 cogno..

102 1104 201 1149 scito.
251 1102 294 1134 Et
313 1097 439 1132 ibidem
454 1108 492 1129 ex
510 1091 681 1128 constitut.
703 1104 758 1134 ²9·
809 1092 914 1125 Nemo
929 1093 1043 1136 prima
1061 1092 1137 1123 vice
1149 1090 1242 1136 apud
1251 1093 1504 1136 patriarcham,
1527 1093 1589 1137 sed
1604 1094 1725 1139 episco-

101 1164 185 1200 pum
206 1151 299 1194 suum
316 1148 468 1181 cleric'um
489 1143 661 1187 accusato3
687 1140 709 1184 fi
721 1152 803 1175 vero
819 1140 1009 1186 Juspeflum
1028 1139 1120 1173 illum
1139 1137 1258 1174 haheat
1276 1139 1322 1174 ad
1346 1142 1662 1187 metropolitanum,
1690 1149 1725 1176 et

101 1200 210 1247 postea
231 1197 511 1241 metropolitanus
527 1193 635 1235 solus,
651 1190 726 1234 five
741 1201 810 1222 cum
822 1189 950 1242 synodo
963 1189 1029 1231 sua
1046 1189 1195 1233 episcopi
1213 1197 1274 1223 aut
1297 1191 1414 1224 clerici
1436 1191 1563 1234 causam
1574 1190 1722 1237 judicet,

105 1257 139 1284 et
148 1247 350 1293 sententiae
365 1254 432 1277 non
449 1241 697 1285 acquiescatur,
726 1238 794 1280 ejus
812 1235 951 1268 dztionis
968 1236 1170 1278 patriarcha
1192 1238 1382 1281 cognoscat,
1409 1238 1569 1284 ipsiusque
1579 1239 1722 1284 judica-

103 1301 169 1337 tis,
195 1292 344 1342 perinde
361 1304 398 1325 ac
409 1289 438 1336 fi
458 1290 560 1323 initio
572 1283 779 1330 judicaffet‚
806 1282 995 1328 infistatur‚
1021 1293 1042 1315 a
1057 1283 1333 1328 patriarcharum
1353 1296 1491 1330 namque
1507 1286 1642 1328 judici&
1657 1300 1724 1323 non

101 1352 323 1395 provocatur.
378 1342 472 1375 Haec
496 1347 529 1370 et
553 1334 617 1369 alia
643 1331 823 1380 hujusrndi
847 1343 933 1375 quae
957 1330 991 1363 in
1014 1329 1156 1365 novellis
1184 1342 1368 1369 occinunt,
1409 1331 1590 1368 ostendum
1612 1328 1722 1370 causg³⁵

104 1393 354 1442 episcoporum
380 1387 471 1435 apud
487 1386 638 1420 Graecos
656 1380 734 1428 post
759 1380 931 1428 synodum
948 1379 1275 1419 Chalcedonensem,
1303 1382 1456 1428 primum
1482 1395 1500 1417 a
1522 1384 1723 1430 metropoli-

104 1456 184 1481 tano
203 1454 282 1478 cum
301 1437 471 1487 episcopis
493 1434 691 1482 provinciae
710 1431 870 1478 judicatas
885 1428 1004 1467 fuisse,
1029 1441 1065 1464 ac
1084 1429 1225 1471 deinde,
1264 1429 1287 1465 fi
1313 1430 1493 1467 sententiae
1509 1432 1550 1467 ab
1572 1433 1615 1469 iis
1640 1434 1724 1469 latae

106 1507 177 1530 non
204 1489 487 1537 acquiesceretur,
534 1496 586 1518 eas
611 1481 653 1517 ad
680 1481 878 1520 exarchum,
905 1478 961 1514 seu
987 1479 1235 1525 patriarcham,
1263 1478 1500 1529 synodumque
1527 1482 1722 1519 dioeceseos

104 1542 204 1580 fuisse
221 1541 362 1577 delatas:
415 1535 506 1572 unde
528 1532 618 1567 nulla
636 1529 777 1564 debatur
794 1529 856 1563 alia
874 1530 1096 1574 provocatio,
1126 1529 1180 1564 sed
1199 1529 1399 1576 supremum
1425 1543 1496 1566 erat
1518 1531 1604 1567 istud
1628 1532 1722 1580 judi..

106 1595 209 1630 cium.
262 1588 386 1625 Causas
412 1596 523 1622 autem
550 1579 900 1625 metropolitanorum
926 1578 1170 1625 episcoporum
1198 1580 1391 1615 immediate
1418 1582 1459 1616 ad
1485 1582 1718 1627 patriarcham

60 1668 65 1671 -
107 1642 347 1691 synodumque
363 1632 555 1671 dioeceseos
574 1628 670 1665 fuisse
687 1628 829 1667 delatas,
854 1626 970 1671 ibique
989 1628 1055 1662 line
1073 1630 1319 1674 provocatione
1338 1631 1406 1665 ulla
1424 1628 1589 1667 definitas,
1616 1634 1720 1667 Hane

112 1690 326 1737 disciplinam
339 1686 462 1721 Graeci
477 1683 636 1726 deinceps
656 1689 872 1723 receperunt,
897 1687 936 1710 ut
949 1677 1125 1723 colligitur
1143 1691 1181 1712 ex
1201 1679 1324 1715 Photio
1342 1682 1377 1714 in
1394 1682 1648 1715 Nomocanone
1666 1682 1720 1717 tit.

110 1753 203 1778 nono
225 1742 328 1786 iupra
345 1737 464 1775 citato,
491 1743 565 1767 tum
584 1743 620 1765 ex
639 1731 771 1764 Zonara
789 1738 819 1762 et
836 1725 1031 1762 Balsamone
1047 1727 1082 1761 in
1101 1730 1354 1765 commentariis
1373 1730 1412 1764 ad
1429 1729 1493 1765 hos
1512 1742 1667 1766 canones·

258 1839 299 1872 In
319 1835 496 1871 occidente
510 1843 591 1868 vero
610 1826 810 1866 sardicenfis
828 1825 965 1862 concilii
985 1837 1129 1860 canones
1146 1822 1226 1862 hine
1244 1839 1276 1863 et
1291 1829 1370 1864 inde
1387 1827 1464 1864 sunt
1481 1828 1638 1871 ventilati,
1655 1842 1719 1866 nec

106 1888 232 1929 statim,
250 1899 310 1921 nec
327 1885 393 1920 fine
411 1883 517 1919 multa
536 1879 731 1916 difficultate
752 1878 877 1922 recepti
897 1875 981 1915 sunt,
1007 1875 1083 1910 licet
1101 1876 1279 1921 pontifices
1291 1881 1454 1917 Romani,
1480 1881 1642 1924 quoniam
1665 1892 1720 1915 ρο.

110 1950 189 1975 rum
198 1939 361 1973 intererat
373 1935 449 1969 illos
467 1935 501 1967 in
512 1931 726 1967 autoritatem
738 1925 1038 1966 admitti,multum
1055 1925 1293 1965 laboraverint,
1312 1940 1349 1963 ut
1367 1942 1424 1964 eos
1441 1929 1717 1976 promulgarem,

259 1985 380 2021 Videri
406 1981 517 2030 potest
539 1981 619 2015 illuc
637 1979 812 2025 pertinere
833 1976 989 2011 Gratiani
1018 1973 1187 2016 edistam,
1213 1976 1254 2011 ad
1272 1989 1386 2023 preces
1411 1977 1529 2027 synodi
1547 1981 1720 2015 Romanae

110 2039 234 2077 latum,
261 2035 303 2070 ad
322 2031 600 2080 compescendam
626 2026 837 2076 potiffimum
855 2024 1003 2060 Ursicini
1020 2023 1224 2060 fabiionem:
1252 2038 1371 2071 preces
1389 2028 1527 2064 concilii
1544 2027 1606 2063 hae
1628 2027 1715 2064 sunt,

103 2082 314 2132 ,Quaesumus
334 2085 537 2119 clementiam
560 2080 718 2127 vestram,
743 2088 784 2112 ne
809 2077 926 2121 rursus
945 2077 981 2109 in
1005 2076 1164 2122 plurimis
1186 2076 1283 2122 caufis
1308 2077 1486 2114 videamur·
1510 2078 1650 2126 onerosi,
1677 2089 1719 2115 ut

105 2136 230 2186 jubere
242 2138 352 2182 pietas
369 2133 476 2179 vestra
497 2130 681 2179 dignetur,
708 2129 887 2175 quicunque
906 2126 962 2160 vel
988 2127 1078 2171 ejus,
1105 2126 1159 2160 vel
1180 2126 1286 2171 nostro
1300 2127 1452 2173 judicio,
1478 2130 1536 2177 qui
1562 2129 1718 2163 catholici

112 2189 243 2232 sumus,
262 2187 382 2230 fuerit
398 2180 630 2218 condemnatus
649 2188 747 2225 atque
765 2176 921 2223 expulsus
933 2199 942 2214 ,
968 2176 1117 2209 voluerit
1134 2174 1289 2222 ecclesiam
1310 2179 1482 2215 retinere,
1507 2179 1562 2211 vel
1584 2186 1718 2213 vocatus

114 2248 134 2270 a
145 2232 495 2279 sacerdotalijudicio
513 2241 576 2274 per
589 2228 823 2263 contumaciam
841 2237 904 2260 non
922 2223 1048 2269 adeste,
1065 2224 1126 2268 seu
1152 2223 1192 2258 ab
1213 2224 1397 2270 illustribus
1417 2229 1507 2262 viris
1528 2227 1717 2272 praefefflis

112 2286 286 2330 practorio
304 2282 428 2321 Italiae
443 2280 587 2329 vestrae,
605 2278 676 2327 five
701 2289 721 2312 a
739 2278 865 2314 vicario
879 2275 1004 2311 accitus
1029 2272 1076 2313 ad
1092 2272 1206 2312 urbem
1225 2276 1342 2312 veniat
1347 2301 1359 2327 ρ
1388 2286 1448 2315 aut
1462 2276 1494 2323 fi
1516 2277 1554 2309 in
1580 2276 1717 2362 logagin.

1498 2337 1606 2374 qmorz
1630 2337 1666 2361 us
