1961 2718
261 199 344 240 394¹
536 180 607 217 DE
635 176 908 220 ANTIQVA
933 173 1217 211 ECCLESIAE
1241 172 1549 211 DlSCPLlNA

211 288 271 313 nec
288 285 358 309 non
375 267 529 318 improbi
547 267 728 305 sceleribus
746 262 1059 304 commaculabunt‚
1087 273 1118 299 et
1135 273 1246 299 tamen
1263 272 1354 298 extra
1378 261 1486 300 linum
1506 261 1606 300 suum
1631 262 1729 304 istos,
1759 261 1824 298 hos

212 328 248 362 in
267 322 347 371 ipsis
373 318 559 357 visceribus
582 317 651 355 suis
675 319 843 367 patienter
866 314 960 350 ferre
984 323 1146 360 cogetur,
1172 323 1273 359 atque
1298 312 1365 348 hoc
1389 311 1486 349 sensu
1511 325 1687 358 nunquam
1708 313 1772 348 erit
1792 314 1826 347 in

212 374 316 412 terris
337 367 501 421 perfecta.
555 371 686 412 Verum
705 380 817 404 tamen
836 377 910 400 eam
928 376 1037 410 neque
1051 374 1282 412 tyrannorum
1299 361 1444 406 saevitia,
1454 375 1563 410 neque
1581 363 1831 400 haereticorum

211 425 343 462 rabies,
368 433 478 466 neque
496 414 962 466 improborumperverfitas
979 425 1134 458 unquam
1161 424 1324 450 evertent.

362 470 468 507 Instat
481 469 711 505 Bellarminus
727 479 760 503 et
776 465 839 502 ait:
865 490 886 504 2,
897 462 1010 512 potest
1026 462 1198 509 quaelibet
1214 462 1424 510 respublica,
1451 463 1530 508 quia
1547 451 1701 510 perfeaa
1727 461 1772 497 est
1798 473 1830 497 et

213 522 307 567 „fibi
332 519 499 557 sufficiens
526 518 587 555 effe
611 519 728 560 debet,
754 519 923 563 imperare
949 514 1047 550 alteri
1072 513 1295 561 reipublicae,
1322 525 1394 549 non
1418 512 1480 548 fibi
1505 511 1670 561 subjestae
1698 523 1730 548 et
1756 523 1830 549 eam

214 584 368 618 „cogere
386 570 427 605 ad
445 569 644 604 mutandam
671 565 1020 603 administrationem:
1047 564 1120 599 imo
1145 564 1243 598 etiam
1262 563 1435 610 deponere
1461 563 1533 611 ejus
1559 562 1774 610 principem,
1799 573 1832 597 et

213 623 348 666 „alium
367 619 556 659 instituere,
575 617 714 663 quando
732 629 801 652 non
818 613 927 661 potest
942 613 1039 648 aliter
1056 612 1088 647 (e
1107 611 1289 648 defendere
1306 613 1347 648 ab
1370 613 1442 660 ejus
1458 614 1613 660 injuriis:
1642 624 1726 658 ergo
1742 610 1830 646 mul-

213 697 236 715 ‚,
244 683 281 708 to
299 671 409 717 magis
428 669 558 715 poterit
577 666 764 714 spiritualis
781 663 972 711 respublica
988 663 1161 709 imperare
1178 662 1386 710 reipublicae
1411 661 1472 697 fibi
1492 660 1674 708 subjestae,
1703 672 1735 696 et
1756 673 1831 696 eam

214 732 368 768 ²‚cogere
386 718 427 754 ad
445 717 644 753 mutandam
658 712 985 751 administrationem
1004 723 1036 746 et
1053 711 1226 758 deponere
1248 713 1424 759 principes
1448 723 1550 758 atque
1574 711 1659 747 alios
1678 709 1832 746 institue-

215 783 306 815 ηπ,
332 767 471 814 quando
488 767 583 802 aliter
602 778 673 800 non
692 762 801 810 potest
818 762 917 797 suum
934 760 1106 806 spirituale
1122 761 1254 796 bonum
1272 762 1403 797 tueri.“

364 816 586 863 Respondeo,
624 812 871 849 Bellarminum
891 821 1000 853 neque
1029 806 1141 843 exaste
1166 809 1281 853 loqui,
1329 820 1441 853 neque
1465 807 1592 843 dii-este
1614 807 1830 844 ratiocinari:

214 870 370 918 primum
388 869 480 902 enim
500 863 624 900 falsum
643 861 699 900 est,
716 858 923 906 respublicas
941 867 999 892 aut
1018 869 1114 904 reges
1132 856 1193 893 fibi
1208 867 1332 893 mutuo
1349 858 1518 903 imperare
1534 855 1639 903 posse,
1657 869 1723 903 par
1740 857 1833 894 euim

214 921 253 954 in
271 928 391 964 parem
418 926 486 949 non
506 912 608 948 habet
625 912 834 957 imperium3
859 907 914 943 sed
939 907 1110 952 contingit
1129 919 1392 952 nonnunquam,
1412 917 1450 942 ut
1466 918 1545 948 rex,
1571 917 1628 941 aut
1643 904 1835 952 respublica

215 969 413 1004 vicinorum
435 963 593 1010 imperiis
609 960 789 1008 provocati
806 954 985 1006 justislimis
1002 957 1107 991 armis
1128 956 1193 992 sese
1210 967 1388 995 tueantur,
1414 966 1473 990 aut
1491 955 1597 991 illatas
1616 955 1757 1002 injurias
1780 955 1834 990 ul·

218 1016 403 1053 eiscantur,
428 1026 468 1048 ex
484 1025 552 1058 quo
571 1020 817 1055 nonnunquam
837 1006 893 1049 fit,
921 1018 959 1042 ut
976 1005 1116 1042 domitis
1135 1008 1171 1042 in
1188 1018 1331 1054 poenam
1351 1005 1556 1053 injuriarum
1576 1004 1638 1040 fibi
1655 992 1834 1042 allatarum

217 1064 362 1115 populis
379 1064 471 1110 leges
491 1073 524 1097 et
543 1061 704 1097 dominos
722 1072 788 1106 pro
803 1057 907 1092 libito
923 1057 1121 1103 imponant,
1148 1054 1204 1092 sed
1222 1068 1292 1091 non
1311 1055 1356 1091 est
1371 1068 1434 1102 par
1451 1055 1540 1090 ratio
1558 1053 1787 1090 ecclesiasticae
1804 1065 1835 1089 et

220 1115 330 1152 civilis
346 1112 569 1159 reipublicae,
596 1109 674 1145 sunt
693 1111 784 1145 enim
805 1104 925 1142 diverfi
945 1106 1089 1151 generis,
1117 1117 1176 1141 nec
1192 1104 1305 1152 potest
1321 1103 1530 1141 ecclefiastica
1547 1115 1604 1138 aut
1621 1103 1654 1138 le
1672 1105 1760 1139 tueri
1778 1114 1836 1138 aut

219 1165 364 1214 injurias
380 1162 442 1198 fibi
459 1162 569 1198 illatas
587 1158 703 1195 ulcisci
721 1158 826 1195 armis
844 1155 1108 1203 temporalibus,
1136 1154 1192 1190 sed
1209 1166 1343 1191 tantum
1360 1152 1594 1203 spiritualibus
1605 1179 1614 1195 ,
1641 1164 1679 1190 ut
1695 1153 1760 1190 late
1777 1153 1835 1188 de-

219 1212 446 1252 monstratum
470 1209 516 1246 est
549 1210 662 1255 supra.

370 1264 484 1307 Urget
502 1260 748 1297 Bellarminus,
773 1268 874 1301 atque
898 1265 938 1290 ut
954 1251 1081 1299 probet
1097 1251 1203 1298 gladii
1222 1249 1434 1287 materialem
1450 1251 1648 1298 potestatem
1674 1253 1709 1287 in
1734 1251 1835 1287 eccle.

220 1311 266 1349 fia
283 1310 367 1352 esse,
393 1309 536 1345 adducit(
546 1309 762 1343 autoritatem
778 1303 943 1339 Bernardi
958 1301 1017 1337 lib.
1032 1313 1065 1342 4.
1080 1301 1119 1334 de
1137 1300 1263 1336 conlid.
1282 1313 1309 1336 c.
1333 1312 1364 1345 3.
1385 1300 1445 1336 ubi
1465 1313 1503 1335 ex
1527 1314 1566 1336 eo
1591 1302 1669 1337 loco
1693 1314 1837 1346 evange-

221 1362 263 1407 lii
289 1361 353 1396 duo
373 1358 491 1408 gladii
510 1358 593 1402 sunt
619 1356 690 1394 ln'c,
716 1364 749 1389 et
771 1352 888 1387 exilio
910 1349 1012 1386 conde
1024 1348 1178 1397 gladium
1196 1358 1290 1383 tuum
1307 1352 1345 1383 in
1362 1352 1534 1396 vaginam,
1553 1352 1666 1396 infert
1679 1350 1838 1398 gladium

220 1409 389 1459 pontificis
420 1407 484 1454 effe
501 1432 510 1447 ,
538 1408 615 1441 licet
647 1415 714 1440 non
749 1405 821 1449 ejus
855 1412 953 1436 manu
971 1396 1200 1445 evaginandus
1222 1396 1288 1444 fit,
1333 1397 1460 1432 addens
1476 1407 1655 1446 utrumque
1679 1400 1837 1446 gladium

221 1459 428 1496 materialem
449 1457 580 1502 scilicet
597 1464 631 1490 et
642 1453 861 1500 spiritualem
877 1449 942 1495 effe
960 1446 1124 1492 ecclefiae3
1153 1446 1215 1490 sed
1228 1447 1314 1481 lzunc
1331 1445 1463 1493 quidem
1482 1458 1547 1493 pro
1571 1448 1714 1495 exusta,
1742 1450 1837 1484 illum

224 1519 259 1547 et
276 1507 317 1544 ab
335 1506 459 1554 ecclcjfia
475 1503 712 1543 exercendum,
737 1502 834 1535 illum
845 1496 1043 1544 sacerdotis,
1070 1495 1155 1529 hunc
1171 1496 1302 1534 militis,
1321 1493 1382 1538 sed
1391 1495 1472 1539 sane
1494 1496 1540 1529 ad
1556 1506 1670 1532 nutum
1682 1498 1836 1542 sacerdo-

223 1561 271 1596 tis
287 1566 321 1594 et
332 1556 421 1604 justa
438 1554 667 1600 imperatoris.
718 1550 792 1585 Ubi
812 1548 881 1582 duo
897 1545 978 1580 dicit
988 1542 1179 1578 Bernardus
1190 1567 1199 1584 ‚
1227 1554 1312 1587 quae
1333 1541 1395 1576 fibi
1412 1541 1528 1578 favere
1545 1556 1700 1580 autumat
1710 1546 1837 1582 Bellat-

224 1607 351 1647 minus,
377 1605 477 1651 prius
493 1601 548 1643 est,
564 1599 716 1648 gladium
733 1595 941 1633 materialem
958 1592 1021 1628 else
1035 1591 1209 1640 pontificis
1227 1603 1259 1628 et
1273 1590 1432 1628 eccleliae:
1460 1593 1620 1633 alterum,
1628 1594 1721 1631 hunc
1736 1606 1822 1632 nutu

226 1658 294 1693 hoc
312 1653 357 1690 est
372 1652 458 1702 jussu
475 1663 505 1687 et
520 1651 665 1697 imperio
685 1644 855 1695 pontificis
873 1642 1108 1680 exercendum.
1824 1620 1834 1638 '

375 1701 579 1748 Respondeo
597 1700 725 1746 primo,
740 1697 855 1732 locum
873 1692 1038 1739 evangelii
1057 1704 1074 1727 a
1091 1690 1264 1730 Bet-nardo
1280 1690 1316 1725 in
1337 1688 1470 1726 sensum
1487 1690 1635 1729 alienum
1654 1692 1837 1740 detorque·

226 1755 267 1796 ri,
291 1764 330 1789 ut
353 1750 504 1799 agnoscit
527 1749 598 1796 ipse
617 1747 841 1785 Maldonatus
859 1745 895 1780 in
918 1743 1012 1778 hunc
1033 1742 1164 1776 locum:
1190 1739 1265 1774 sane
1290 1739 1404 1775 nullus
1431 1734 1583 1786 unquam
1600 1754 1677 1778 ante
1695 1746 1836 1780 Bernar-

228 1805 313 1840 dum
347 1804 392 1837 ita
416 1802 508 1836 hunc
531 1799 648 1836 locum
671 1795 836 1843 exposuit.
895 1790 1071 1832 Secundo,
1098 1788 1213 1837 negari
1239 1801 1307 1824 non
1330 1788 1459 1835 potest,
1487 1791 1570 1836 quin
1592 1790 1707 1828 sensus
1733 1791 1791 1828 iste
1815 1804 1837 1828 a

225 1852 400 1890 Bernardo
416 1850 625 1896 excogitatus
640 1845 844 1892 allegoricus
860 1842 909 1884 fit,
937 1853 970 1877 et
984 1840 1162 1889 mysticus,
1189 1851 1206 1873 e
1224 1851 1295 1883 quo
1314 1839 1401 1875 nihil
1419 1840 1647 1877 concluditur.
1696 1842 1835 1881 Tertio.

227 1902 422 1938 dubitanter
439 1899 595 1945 loquitur
611 1895 822 1932 Bernardus:
855 1892 943 1934 Tuo,
968 1891 1099 1935 inquit,
1124 1888 1268 1937 forsitan
1284 1899 1369 1924 nutu
1386 1889 1442 1936 etft
1464 1903 1532 1926 non
1551 1899 1612 1926 tua
1630 1903 1732 1927 manu
1754 1903 1836 1927 eva-

224 1951 410 2000 ginandus.
463 1952 616 1993 Quarto,
654 1956 757 1981 nutus
772 1943 865 1991 apud
883 1940 1096 1977 Bernardum
1114 1950 1182 1974 non
1206 1936 1389 1983 significat,
1415 1938 1614 1986 potestatem
1639 1940 1824 1977 coastivnm

227 1999 282 2036 sed
292 1997 513 2039 direffivam,
537 1997 592 2033 seu
609 1994 808 2032 confilium:
840 1989 1104 2027 ficBernardum
1115 1989 1443 2034 exponuntJoannes
1460 1966 1836 2032 deParifiis,Antonius,

231 2051 274 2086 de
291 2046 453 2088 Rosellis,
481 2047 645 2086 AlvaruS,
673 2044 828 2089 Pelagius
848 2052 880 2076 et
896 2041 1105 2081 Almaricus3
1132 2038 1169 2074 in
1187 2036 1276 2072 idem
1292 2037 1432 2079 recidit,
1459 2039 1554 2084 quod
1569 2039 1670 2075 habet
1685 2043 1835 2088 joannes

229 2099 346 2147 Major
361 2095 562 2144 pontificem
579 2094 701 2129 habere
720 2092 871 2138 gladium
890 2088 1103 2125 materialem
1120 2086 1239 2123 habitu
1256 2098 1326 2122 non
1346 2085 1442 2128 nau,
1478 2091 1560 2136 quia
1582 2089 1688 2136 pouq}
1708 2100 1836 2137 rogare

224 2150 401 2197 principes
417 2155 582 2186 terrenos,
611 2141 787 2190 utfintfibi
800 2140 957 2187 subsidio·
983 2141 1093 2174 Porro
1101 2149 1164 2185 per
1174 2147 1297 2172 nutum
1315 2136 1406 2182 apud
1416 2137 1632 2173 Bernardum
1651 2138 1836 2173 non'intel-

228 2198 290 2244 ligi
306 2196 511 2243 imperium,
538 2193 593 2229 sed
613 2204 745 2228 tantum
764 2189 962 2232 confilium,
990 2201 1029 2223 ex
1048 2200 1089 2223 eo
1109 2185 1245 2227 constat,
1263 2185 1356 2231 quod
1374 2188 1568 2232 opponitur
1583 2185 1683 2234 jussui
1700 2188 1755 2223 {eu
1772 2189 1837 2224 im.

228 2248 331 2293 perio
357 2246 449 2292 regis
466 2254 499 2280 et
515 2242 743 2291 imperatoris.
795 2243 890 2275 Nam
916 2238 1008 2285 apud
1031 2236 1243 2272 Rerum-dum
1267 2247 1332 2270 tres
1358 2234 1435 2270 sunt
1461 2236 1639 2282 personne:
1667 2235 1837 2284 pontifex,

227 2298 419 2345 imperator
434 2305 467 2332 et
482 2294 592 2333 miles,
602 2290 726 2339 quibua
742 2288 978 2330 attribuuntur
998 2288 1061 2325 tria
1077 2284 1232 2334 respa-{lu
1250 2284 1358 2335 gladii
1373 2298 1473 2322 mater
1484 2290 1572 2327 hans,
1599 2286 1758 2333 pontiflci
1773 2299 1834 2325 nu-

1718 2347 1783 2379 tus,
