2022 2733
344 196 856 234 DISSERTATiONES
903 199 1248 239 HISTORICAE.
1285 204 1544 243 DmsznerI.
1642 215 1712 249 43t

128 286 210 331 ritu
226 281 328 320 solito
347 283 534 331 imperator
552 285 775 332 inauguratus
793 285 851 326 est,-
864 285 920 323 sed
934 290 1193 338 quamprimum
1211 290 1269 327 ille
1280 291 1374 328 Italia
1385 292 1627 335 disceffit‚haec
1651 294 1768 330 omnia

135 335 233 371 irrita
252 333 401 370 decrevit
417 333 580 371 Paschalis
597 337 632 370 in
650 336 797 372 concilio
809 339 1023 375 Lateranensi
1039 352 1116 376 ann.
1138 353 1151 375 1
1164 353 1176 375 1
1190 353 1201 375 1
1213 354 1243 377 2.
1263 341 1348 377 Inde
1362 343 1398 378 in
1418 344 1566 380 concilio
1575 342 1760 379 Viennensi

135 383 368 421 investituram
393 383 653 431 episcopatuum
675 385 836 422 haeresim
857 385 920 422 esse
937 388 1144 426 declaratum
1163 389 1217 427 est.
1270 391 1337 427 Sub
1356 392 1491 431 Gelasio
1509 392 1657 430 seeundo
1685 391 1761 429 Pas-

135 435 242 471 chalis
261 431 443 469 successore
459 438 606 473 Romam
627 436 730 472 rediit
751 437 943 479 Hernicus,
972 449 1010 475 ut
1030 439 1071 475 ab
1093 452 1134 475 eo
1152 439 1452 479 confirmationem
1472 455 1612 483 eorum,
1641 454 1726 487 quae
1742 453 1762 478 a

134 483 285 521 Paschali
305 482 452 520 secundo
468 483 531 520 fibi
549 484 697 521 concessa
715 483 870 524 fuerant,
897 499 1133 534 extorqueret3
1163 488 1219 525 sed
1246 502 1323 526 cum
1349 491 1405 526 ille
1427 496 1535 529 Roma
1559 489 1759 537 aufugisset,

133 534 330 570 Burdinum
344 535 544 580 quemdam,
573 546 676 579 quem
702 534 760 569 alii
785 536 1012 577 Mauritium,
1051 538 1109 573 alii
1135 540 1351 584 Gregorium
1377 540 1536 577 oetavum
1567 540 1758 587 appellant.

135 582 370 621 Bracarensem
388 583 684 629 archiepiscopum
700 583 900 630 antipapam
919 585 1099 622 constituit.
1153 587 1231 623 Post
1256 588 1427 626 discessum
1444 591 1590 627 Henrici
1607 588 1759 625 Gelafius

135 637 284 670 Romam
301 632 420 667 rediit:
447 632 528 668 hinc
545 631 743 668 intestinum
767 632 803 666 in
822 631 909 668 urbe
926 635 1036 669 Roma
1065 637 1237 681 praelium
1256 662 1264 677 ,
1301 639 1337 672 in
1368 651 1440 684 quo
1465 638 1566 675 multi
1596 639 1757 675 cecidere.

134 681 286 720 Gelafius
303 693 427 717 iterum
444 679 567 727 fugere
584 678 738 723 coastus,
765 680 891 717 habitis
913 684 1054 730 Capuae
1082 694 1113 718 et
1131 685 1281 721 Viennae
1304 687 1474 730 conciliis,
1510 689 1702 724 Henricum
1727 699 1759 724 et

132 732 326 770 Burdinum
348 730 683 774 excommunicavit3
718 742 867 776 cumque
892 733 928 766 in
956 732 1201 770 monasterium
1227 734 1448 772 Cluniacense
1472 736 1540 774 sese
1567 735 1760 784 recepisset,

132 783 261 820 ibidem
279 781 384 828 paulo
400 778 477 828 post
496 779 590 821 abiit.
645 782 740 816 Huic
754 779 1060 818 succeffitCalixtus
1078 781 1263 824 secundus,
1290 783 1350 821 sub
1368 798 1439 832 quo
1464 799 1532 835 pax
1554 788 1643 822 inter
1668 799 1759 834 pon-

133 832 260 869 tificem
278 840 311 865 et
327 831 573 876 imperatorem
591 830 678 865 inita
707 827 765 870 est,
799 842 836 865 ac
859 830 1086 867 controversia
1118 833 1159 870 de
1183 833 1391 870 investituris
1416 838 1594 873 terminata
1621 837 1655 871 in
1680 849 1759 871 con-

133 893 238 918 ventu
254 878 513 919 Wormatienfi,
542 879 578 913 in
598 891 667 925 quo
686 880 876 926 imperator
893 879 1125 917 investituram
1139 894 1205 929 per
1222 883 1387 919 annulum
1420 896 1451 921 et
1468 884 1628 922 baculum
1654 887 1758 921 remi„

132 931 187 972 fit,
216 931 412 965 canonicam
431 926 631 964 eleaionem
649 939 681 964 et
697 928 841 965 liberam
863 929 1151 967 consecrationem
1170 931 1243 968 fieri
1259 933 1432 980 permifit,
1461 934 1514 970 sed
1543 948 1581 970 ex
1600 936 1664 971 alia
1679 947 1759 983 par-

130 993 164 1018 te
181 979 339 1027 pontifex
355 978 558 1024 imperatori
567 978 738 1020 conceffit‚
766 988 806 1016 ut
823 977 1002 1016 elestiones
1019 980 1260 1029 episcoporum
1283 995 1314 1018 et
1329 983 1491 1020 abbatum
1512 986 1608 1031 regni
1625 988 1757 1020 Teuto-

130 1032 199 1067 nici
217 1041 332 1065 coram
350 1025 429 1075 ipso
451 1026 571 1063 fierent
587 1026 713 1075 absque
729 1027 872 1065 simonia
890 1040 922 1064 et
934 1030 1115 1073 violentia,
1142 1031 1268 1068 eleetus
1294 1044 1406 1068 autem
1427 1033 1555 1079 regalia
1584 1046 1646 1081 per
1665 1033 1759 1081 scep-

134 1092 227 1117 trum
247 1079 432 1124 acciperet,
461 1088 492 1114 et
509 1089 548 1113 ex
559 1076 635 1112 aliis
653 1080 789 1126 imperii
807 1078 961 1125 partibus
973 1079 1188 1117 consecratus
1204 1080 1296 1117 infra
1311 1080 1364 1118 sex
1381 1082 1511 1119 menses
1528 1083 1655 1130 regalia
1672 1096 1758 1131 quo-

85 1135 95 1138 ”
131 1143 198 1176 que
216 1141 278 1176 per
297 1127 468 1173 sceptrum
485 1128 661 1172 acciperet.
713 1132 766 1165 Ita
785 1127 1063 1165 investiturarum
1083 1131 1329 1173 controversia,
1358 1144 1445 1178 quae
1462 1145 1479 1167 a
1491 1133 1665 1179 Gregorio
1685 1132 1758 1180 sep—

130 1182 216 1216 timo
234 1175 400 1214 ecclefiam
418 1177 609 1213 innumeris
625 1190 712 1226 pene
727 1178 826 1215 malis
846 1189 878 1214 et
896 1178 1048 1216 cladibus
1065 1179 1240 1223 affecerat,
1267 1193 1358 1219 anno
1383 1194 1397 1217 1
1409 1194 1488 1219 122.
1505 1184 1613 1219 amice
1639 1184 1757 1220 termi-

131 1242 206 1267 nata
226 1226 281 1264 est.

279 1277 330 1313 Ex
346 1275 409 1312 hac
425 1286 536 1312 autem
554 1274 660 1313 totius
676 1272 771 1311 istius
790 1275 1043 1314 constitutionis
1062 1280 1259 1315 narratione
1281 1279 1411 1327 liquet,
1439 1294 1496 1322 ea,
1524 1293 1614 1327 quae
1638 1291 1719 1316 tumr
1733 1294 1757 1317 a

119 1326 369 1377 pontificibus,
396 1336 470 1360 tum
493 1339 511 1360 a
529 1325 691 1361 Romanis
712 1326 981 1370 imperatoribus
1009 1328 1111 1374 hujus
1140 1328 1265 1364 diffidii
1294 1341 1451 1376 tempore
1478 1340 1637 1366 attentata
1661 1328 1755 1372 sunt,

129 1381 163 1414 in
192 1374 386 1422 exemplum
412 1372 501 1409 trahi
525 1375 667 1409 minime
694 1372 800 1420 posse.
855 1378 942 1411 Cum
969 1378 1132 1423 utrinque
1161 1377 1271 1414 multa
1297 1390 1435 1425 praeter
1460 1379 1536 1427 jura
1563 1391 1600 1417 ac
1619 1389 1755 1427 praeter

127 1428 328 1473 aequitatem
345 1434 485 1460 omnem
504 1423 686 1459 crudeliter
702 1433 734 1459 et
751 1422 861 1471 impie
877 1422 1010 1462 fuerint
1035 1427 1132 1473 gesta.
1187 1430 1282 1473 Quot
1307 1441 1390 1464 vero
1413 1439 1447 1464 et
1472 1440 1634 1475 quantae,
1661 1433 1754 1465 Deus

130 1476 237 1513 bone!
264 1474 486 1511 calamitates,
513 1484 530 1507 e
549 1473 728 1508 temeraria
752 1473 920 1521 Gregorii
945 1475 1081 1521 septimi
1110 1479 1145 1513 in
1174 1478 1368 1514 Henricum
1396 1490 1557 1525 quartum
1591 1477 1756 1515 sententia

129 1527 319 1566 fluxerunt3
346 1524 382 1557 in
397 1522 548 1567 imperio
563 1518 759 1561 seditiones,
787 1523 925 1565 caedes,
952 1525 1178 1565 rebelliones,
1204 1527 1308 1567 bella,
1334 1529 1541 1574 parricidia3
1568 1529 1604 1564 in
1622 1527 1755 1564 ecclesia

127 1574 376 1625 episcoporum
402 1569 675 1618 proscriptiones
694 1581 850 1612 mutuae,
878 1574 1022 1608 concilia
1039 1573 1101 1609 fibi
1124 1576 1272 1611 invicem
1296 1577 1470 1623 opposita,
1506 1576 1649 1624 spoliata
1672 1589 1755 1613 tem-³

128 1626 204 1675 pla,
230 1622 373 1660 violatae
392 1632 486 1661 arae,
521 1618 645 1668 dejeffl
670 1619 848 1666 pontifices
865 1646 875 1662 ,
904 1621 960 1657 alii
982 1624 1018 1658 in
1047 1635 1168 1659 eorum
1196 1624 1312 1660 locum
1337 1624 1488 1661 suffeffl:
1529 1626 1572 1663 de
1595 1629 1755 1664 Romano

127 1674 328 1723 episcopatu
345 1671 379 1706 vi
397 1682 428 1706 et
443 1670 547 1706 armis
565 1669 772 1705 decertatum
783 1695 792 1711 ,
817 1670 924 1716 longo
940 1683 977 1706 ae
995 1671 1073 1708 diro
1089 1672 1264 1709 schismate
1283 1673 1415 1711 ecclefia
1432 1681 1565 1719 vexata,
1593 1688 1665 1712 uno
1680 1688 1754 1712 ver-

127 1727 173 1763 bo
192 1724 308 1761 omnia
326 1720 392 1756 five
410 1721 446 1756 in
464 1720 634 1767 imperio,
659 1717 727 1755 five
747 1719 782 1753 in
800 1720 929 1756 ecclesia
954 1720 1075 1766 susque
1096 1723 1206 1767 deque
1230 1722 1335 1758 versa.

279 1775 499 1816 Quamquam
514 1782 626 1805 autem
645 1769 737 1805 varia
753 1767 886 1805 fuerint
903 1782 971 1816 pro
992 1772 1093 1807 variis
1111 1771 1289 1808 affeffibus
1308 1771 1518 1820 scriptorum
1539 1774 1580 1810 de
1601 1773 1667 1810 hoc
1687 1772 1753 1810 dis-

127 1825 215 1862 fidio
230 1823 370 1872 judicia,
399 1819 627 1856 nihilominus
646 1830 755 1855 tamen
777 1832 893 1855 omnes
915 1821 1081 1866 Gregorii
1109 1821 1150 1858 de
1168 1824 1378 1868 imperatore
1409 1823 1617 1869 deponendo
1651 1835 1753 1859 cona-

128 1888 204 1912 tum
226 1883 354 1909 novum
370 1880 402 1905 et
420 1869 560 1905 antehac
577 1868 767 1905 inauditum
787 1868 884 1905 fuisse
902 1869 1105 1917 agnoscunt:
1133 1883 1165 1908 et
1182 1885 1221 1908 ex
1239 1872 1293 1908 his
1321 1884 1391 1908 non
1416 1874 1517 1920 pauci
1534 1874 1752 1920 Gregorium

127 1922 333 1963 crudelitatis
355 1930 387 1956 et
402 1917 597 1955 ambitionis
614 1929 774 1964 arguunt⁰
1742 1930 1745 1933 ’

281 1972 334 2008 Sic
350 1973 467 2006 Petrus
485 1970 672 2005 Damianus
689 1968 888 2010 cardinalis,
915 1970 975 2015 qui
997 1969 1276 2007 Hildebrandum
1300 1969 1363 2006 sub
1389 1970 1579 2007 Alexandro
1603 1970 1751 2007 secundo

127 2022 334 2061 cardinalem
361 2030 493 2054 tantum
512 2029 671 2056 noverat,
700 2030 777 2054 nam
795 2030 976 2064 antequam
994 2032 1084 2067 papa
1114 2018 1230 2059 fieret,
1257 2032 1416 2056 mortuus
1446 2031 1516 2055 erat
1539 2022 1677 2057 Petrus:
1705 2023 1752 2062 is,

128 2076 292 2120 inquam,
317 2070 508 2106 Damianus
529 2071 591 2116 Ep.
615 2081 669 2106 10.
687 2067 746 2104 lib.
772 2081 800 2105 x.
828 2080 925 2105 vocat
946 2080 1024 2106 eum
1042 2079 1227 2117 tyrannum
1255 2071 1458 2106 Neroniana
1483 2072 1613 2116 pietate
1638 2072 1751 2106 comio-

128 2126 266 2163 lentem,
295 2118 537 2166 colaphizando
558 2119 814 2159 demulcentem,
843 2121 990 2167 aquilino
1011 2131 1128 2166 ungue
1151 2122 1362 2168 palpantem.
1417 2122 1461 2155 Et
1485 2120 1520 2154 in
1545 2117 1611 2154 fine
1635 2118 1754 2166 episto-

127 2173 198 2214 lae,
223 2171 278 2208 ille
295 2168 460 2205 miserum
479 2170 619 2204 Petrum
639 2168 681 2202 de
700 2168 858 2204 manibus
876 2170 966 2204 eruit
987 2168 1236 2208 Hildebrandi,
1264 2169 1305 2205 ad
1327 2168 1421 2217 cujus
1445 2170 1632 2216 imperium
1659 2182 1752 2218 maga

127 2235 177 2259 no
193 2225 293 2258 Petro
310 2219 422 2268 patuit
437 2230 550 2255 carcer
569 2217 733 2255 Herodis.

1622 2320 1692 2355 Leo
