1961 2718
286 209 356 244 37²
557 193 628 230 DE
654 187 941 234 ANT1QUA
967 185 1253 223 ECCLEslffi
1280 183 1637 227 mscu’mNA'

234 288 316 334 „di;
344 285 404 323 ubi
421 293 514 321 tanto
532 278 713 319 districtius
730 280 806 318 sunt
822 279 1011 328 puniendi,
1039 289 1167 326 quanto
1185 280 1300 316 minus
1317 278 1448 315 fuerint
1466 278 1590 316 divinis
1606 278 1848 316 admonitioni-

239 338 326 382 „bus
347 335 497 373 obnoxii.

387 382 593 435 Euthymius
609 381 644 416 in
660 380 780 419 Psalm.
803 393 859 427 50.
893 379 976 416 Tibi
987 381 1053 428 soli
1067 381 1220 427 peccavi.-
1250 391 1320 415 cum
1338 390 1398 415 rex
1410 377 1502 423 sum,
1538 387 1572 414 et
1598 387 1631 413 te
1644 380 1750 425 solum
1769 391 1847 414 con·

235 436 403 484 miffiirum
421 449 440 470 a
457 445 508 470 me
518 433 678 478 fielerum
691 432 839 479 judicem
852 430 987 467 habeam
999 456 1007 471 ,
1034 429 1101 466 tibi
1106 431 1176 476 soli
1190 430 1334 477 peccaffe
1351 429 1493 472 videor3
1528 428 1586 463 lzoc
1604 427 1665 472 eli,
1699 428 1765 464 tibi
1783 431 1850 474 soli

235 487 349 534 iudici
363 484 548 532 subjicior,
575 490 779 517 caeterorum
796 484 881 516 enim
899 483 1041 516 omnium
1058 491 1119 530 ego
1138 479 1288 515 dominus
1304 482 1388 525 lum,
1422 486 1456 513 et
1474 475 1511 513 ob
1533 480 1721 524 potentiam
1748 489 1850 513 meam

236 538 338 572 licere
355 534 534 573 videntur,
562 542 781 580 quaecumque
798 531 971 566 libuerint.

387 583 609 619 Innocentius
626 583 688 615 ΙΙΙ.
708 581 743 615 in
762 592 794 622 4.
807 579 926 615 Psalm.
945 579 1245 625 poenitentialem.
1272 576 1359 619 „tibi
1377 574 1458 617 soli,
1486 587 1545 612 etc.
1597 577 1631 612 Si
1651 576 1774 612 diceret
1785 587 1852 612 mn-

241 631 419 678 „nifestius
440 642 614 679 peccatum
630 642 747 665 meum
763 628 824 664 tibi
845 628 908 664 soli
925 629 1132 674 relinquitur
1146 629 1380 674 puniendum,
1409 639 1449 661 eo
1473 625 1565 671 quod
1585 626 1690 661 aliurn
1709 638 1778 660 non
1799 625 1852 659 ba-

239 685 358 736 „beam
380 682 608 729 superiorem,
634 680 693 724 qui
711 691 764 714 me
781 677 878 725 poffit
900 679 1042 724 punire,
1069 677 1232 724 cumipse
1250 676 1309 712 sim
1326 689 1395 712 rex.
1450 676 1497 710 Et
1520 678 1639 720 infra:
1676 674 1782 711 Aliud
1807 673 1854 710 est

241 736 300 777 „in
320 734 469 777 aliquem
488 737 641 777 peccare,
669 740 700 764 et
716 729 808 763 aliud
824 728 943 772 alicui3
972 728 1005 761 in
1025 727 1172 771 aliquem
1189 739 1321 773 peccat,
1349 726 1407 770 qui
1428 725 1612 760 committit
1629 726 1664 758 in
1686 724 1783 759 illum
1796 722 1852 758 of-

243 781 414 827 „fens-xm:
444 781 541 815 alicui
560 789 690 824 peccat,
727 778 786 821 qui
811 777 882 822 ejus
907 776 1051 822 subjacet
1078 776 1219 817 ultioni3
1247 788 1303 810 rex
1322 778 1438 819 utique
1455 773 1514 808 soli
1534 776 1627 814 Deo,
1656 774 1776 808 cneteri
1794 784 1854 807 ve-

240 845 304 874 „ro
323 843 354 868 et
371 833 444 867 Deo
463 840 601 876 peccant
626 837 657 860 et
683 826 774 871 regi:
812 824 924 859 subdit
941 824 1007 858 hoc
1025 835 1183 869 tempore
1201 824 1283 868 legis
1300 835 1436 858 naturae
1451 821 1549 858 fuisse
1561 847 1570 864 ,
1623 834 1695 858 non
1713 834 1854 869 evange*

243 882 322 927 ‚,lii:
354 919 361 927 ,
377 880 432 917 sed
459 890 529 913 non
550 877 668 915 viden,
705 887 770 920 qua
794 873 836 908 de
859 872 952 908 causa
976 871 1156 908 discrimen
1173 871 1259 908 istud
1278 871 1405 908 statuat.

389 931 532 975 Hayrno
552 927 587 960 in
608 923 727 960 Psalm.
750 936 804 968 50.
858 922 963 964 „Tibi
983 920 1045 957 soli
1064 924 1216 969 peccavi,
1242 924 1324 969 quin
1338 934 1418 959 cum
1435 933 1493 957 rex
1509 919 1590 964 fim,
1624 919 1738 956 nullus
1755 918 1856 956 habet

239 976 464 1028 ‚',potestatem
482 977 604 1023 punire
619 985 793 1022 peccatum
812 985 929 1007 meum
950 971 1009 1007 nili
1037 983 1074 1007 tu
1094 971 1196 1010 solus.

389 1027 580 1063 Alexander
595 1023 723 1060 Alensis
744 1026 777 1058 in
796 1023 953 1057 eumdem
972 1021 1153 1068 psalmum.
1205 1022 1312 1064 „Tibi
1331 1019 1411 1063 soli,
1438 1030 1497 1057 etc.
1533 1020 1614 1066 'quie
1643 1031 1715 1055 non
1740 1017 1786 1052 est
1804 1015 1857 1052 su·

239 1090 326 1127 „per
344 1089 399 1113 me
417 1076 501 1112 alius
515 1101 523 1117 ‚
551 1085 653 1120 quam
671 1085 724 1116 tu,
753 1074 812 1119 qui
830 1071 932 1119 possit
950 1073 1094 1119 punire3
1122 1085 1186 1119 ego
1205 1073 1298 1108 enim
1316 1070 1389 1108 sum
1407 1083 1484 1112 rex,
1514 1082 1545 1106 et
1563 1082 1632 1106 non
1657 1067 1703 1105 est
1730 1067 1856 1116 aliquit

238 1139 400 1177 „praeter
419 1138 449 1162 te
465 1125 569 1172 super
582 1136 645 1160 me.

392 1178 548 1224 Lyranus
567 1175 602 1209 in
621 1171 778 1208 eumdem
796 1170 976 1218 psalmum.
1030 1169 1139 1212 „Tibi
1156 1169 1218 1207 soli
1243 1170 1379 1219 peccavi
1405 1180 1578 1215 tamquam
1597 1167 1722 1216 judici,
1750 1177 1856 1212 etpu-

239 1228 335 1270 „nire
354 1226 501 1273 potenti,
528 1234 722 1271 peccavergt
743 1222 832 1256 enim
849 1233 968 1256 contra
984 1222 1106 1256 Uriam
1119 1246 1127 1262 ,
1155 1233 1186 1256 et
1206 1221 1290 1256 alios
1315 1219 1485 1256 occasione
1509 1218 1613 1262 huius
1639 1213 1854 1252 interfeflos:

237 1289 373 1319 „tumen
396 1276 474 1320 quia
498 1282 556 1309 rex
582 1283 668 1313 erat,
721 1283 790 1305 non
816 1270 956 1305 habebat
975 1269 1125 1317 judicem
1144 1270 1375 1317 superiorem,
1429 1270 1489 1314 qui
1505 1267 1615 1317 posset
1637 1277 1715 1303 eum
1731 1265 1856 1313 punire

233 1323 320 1369 ’Μ
341 1327 603 1409 Βεὲἷῃῶὴοιηεε
626 1381 656 1404 ι.
679 1381 709 1403 2.
726 1380 758 1412 q.
781 1369 839 1411 96-
858 1378 886 1400 a.
907 1377 936 1409 5·
953 1365 995 1401 ad
1017 1377 1047 1410 3-
1099 1366 1152 1401 Ad
1173 1366 1311 1399 “flium
1328 1365 1432 1405 ³²d³⁰⁰
1455 1363 1549 1409 ‘³⁰⁰³
1575 1364 1736 1410 princeps
1765 1362 1850 1397 (Μ’

233 1436 323 1467 „tur
338 1421 400 1458 effe
419 1420 550 1457 solutus
568 1433 585 1454 a
604 1419 696 1465 Iege,
725 1427 891 1462 quantum
909 1415 950 1449 ad
968 1416 1038 1450 vim
1057 1414 1241 1448 coaffivam
1262 1413 1367 1459 legis,
1396 1413 1508 1450 nullus
1527 1415 1616 1448 enlm
1635 1412 1780 1460 proprie
1796 1422 1851 1447 co·

238 1474 357 1520 „gitur
374 1485 392 1507 a
409 1470 535 1518 seipso,
586 1469 635 1503 lex
656 1478 766 1502 autem
785 1477 855 1499 non
873 1463 973 1498 habet
991 1465 1060 1497 vim
1079 1462 1285 1500 coastivaim
1340 1462 1400 1497 nifi
1429 1474 1466 1496 ex
1484 1464 1651 1509 principis
1670 1459 1849 1507 potestate:

239 1523 309 1566 „sic
332 1523 442 1568 igitur
457 1521 618 1567 princeps
639 1517 765 1552 dicitur
781 1513 842 1547 effe
859 1511 989 1547 solutus
1007 1525 1025 1546 a
1044 1512 1135 1556 lege,
1165 1512 1243 1555 quia
1263 1510 1424 1545 nullusin
1443 1512 1553 1557 ipsum
1566 1510 1852 1558 potestjudicium

241 1569 555 1616 „condemnationis
573 1566 683 1604 ferre,
711 1564 734 1600 ss
750 1573 868 1599 contra
886 1560 992 1607 legem
1010 1571 1103 1607 agat:
1131 1561 1223 1595 unde
1242 1558 1344 1607 super
1362 1559 1444 1595 illud
1461 1560 1581 1595 Psalmi
1595 1573 1650 1604 50.
1703 1557 1851 1594 Tibise-

243 1623 291 1666 „li
311 1620 443 1668 peccavi
456 1645 465 1661 ,
492 1615 596 1664 glossa
613 1616 713 1656 dicit,
738 1612 832 1659 quod
851 1623 907 1646 rex
926 1622 995 1646 non
1011 1609 1110 1646 habet
1129 1610 1326 1650 hominem,
1351 1610 1411 1655 qui
1426 1606 1514 1645 faaa
1523 1608 1581 1646 sua
1592 1609 1767 1658 dijudicet,
1795 1606 1852 1643 sed

241 1681 433 1716 „quantum
464 1669 507 1703 ad
539 1669 610 1703 vim
648 1663 848 1701 direffivam
883 1660 967 1707 legis
1002 1661 1164 1706 princeps
1198 1658 1354 1694 subditur
1382 1658 1450 1705 legi
1480 1661 1626 1706 propria
1660 1658 1852 1694 voluntate‘

238 1723 346 1758 Mitto
363 1720 561 1755 innumeros
579 1716 664 1751 alios
682 1711 906 1750 recentiores,
935 1710 996 1757 qui
1012 1710 1128 1745 locum
1145 1708 1244 1745 illum
1262 1707 1384 1744 Psalmi
1405 1720 1461 1755 50,
1477 1709 1598 1745 eodem
1622 1708 1729 1745 modo
1747 1708 1850 1743 inter-

243 1781 430 1819 pretantur.

388 1821 507 1863 Itaque
529 1828 567 1850 ex
583 1814 650 1850 hoc
671 1811 857 1858 scripturae
873 1808 950 1846 loco
968 1808 1060 1857 juxta
1077 1807 1257 1844 unanimen
1276 1805 1468 1844 sanatorum
1492 1818 1631 1856 patrum
1658 1816 1689 1842 et
1709 1805 1851 1852 scripto?

241 1882 321 1906 rum
333 1865 626 1904 ecclesiasticorum
635 1861 766 1898 sensum
784 1860 966 1907 explicato,
995 1859 1167 1894 evidenter
1183 1856 1380 1896 deducitur,
1407 1857 1613 1904 regesasolo
1630 1860 1704 1893 Deo
1723 1856 1848 1904 judica-

239 1920 286 1957 ri,
313 1918 460 1964 corrigi,
486 1915 606 1962 puniri
622 1911 714 1960 polle
731 1923 840 1957 poena
859 1910 972 1954 aliqua
991 1907 1190 1955 temporali3
1218 1906 1309 1952 quod
1330 1907 1466 1952 quidem
1484 1919 1600 1943 verum
1614 1906 1675 1942 effe
1692 1919 1760 1941 non
1773 1904 1848 1952 pos·

239 1967 287 2015 set
301 1994 310 2011 ‚
337 1966 360 2001 si
379 1967 526 2003 Romani
543 1961 720 2010 pontifices
738 1972 858 1995 eorum
877 1958 1156 2006 deponendorum
1173 1954 1374 2003 potestatem
1401 1957 1564 1993 haberent
1582 1982 1595 2000 ,
1630 1968 1713 2004 ergo
1741 1955 1847 2003 scrip.

239 2029 314 2054 tura
333 2028 364 2051 et
382 2015 519 2050 traditio
536 2014 614 2048 huic
630 2010 823 2047 adversatur
839 2009 1006 2054 opinioni.

386 2066 515 2104 Mitto,
541 2062 634 2107 quod
653 2058 809 2095 nonnulli
827 2058 964 2096 dicunt.
992 2056 1169 2092 discrimen
1188 2053 1250 2090 effe
1268 2056 1355 2092 inter
1371 2056 1492 2091 veteris
1508 2066 1541 2091 et
1563 2056 1646 2092 novi
1672 2053 1846 2090 testamen-

238 2117 265 2152 ti
281 2114 522 2152 sacerdotium,
550 2123 582 2147 et
597 2110 682 2145 illud
701 2108 840 2155 quidem
860 2108 947 2142 nihil
963 2104 1174 2143 anaoritatis
1197 2105 1397 2152 temporalis
1429 2107 1464 2140 in
1495 2117 1592 2152 reges
1617 2103 1783 2140 habuisse:
1811 2115 1844 2139 at

239 2178 321 2202 vero
337 2177 407 2200 non
430 2162 519 2198 idem
539 2159 720 2197 dicendum
738 2158 777 2193 de
794 2156 868 2194 isto.
921 2158 1064 2203 Quippe
1088 2153 1188 2191 sanai
1204 2167 1317 2201 patres
1342 2167 1380 2189 ex
1404 2154 1473 2191 hoc
1500 2155 1579 2191 loeo
1605 2167 1673 2190 non
1708 2163 1844 2188 tuntum

237 2213 458 2252 concludunt,
492 2224 585 2257 reges
606 2209 703 2245 lsrael
727 2207 816 2243 haud
844 2204 942 2243 fuisse
958 2205 1109 2242 subditos
1126 2204 1352 2241 stcerdotibus
1383 2203 1542 2252 judaicis,
1578 2204 1634 2239 scd
1660 2201 1844 2238 universim

234 2275 327 2313 reges
345 2263 431 2302 nulli
447 2259 514 2298 nifi'
526 2262 601 2298 Deo
619 2257 784 2308 subjeGos
804 2255 884 2299 effe,
911 2256 1006 2305 quod
1024 2266 1056 2292 et
1072 2253 1184 2302 ipsum
1200 2253 1294 2292 sonat
1310 2254 1497 2303 scripturae
1512 2253 1625 2298 locus,
1651 2252 1846 2340 ἀυῐᾶιλςηίπι

1747 2311 1792 2338 cn
