2023 2760
365 237 397 271 X
402 234 448 271 {V

368 322 480 370 tienfis
504 330 538 357 et
572 319 755 366 Bafileensis
779 321 865 353 circa
897 316 1099 365 propositam

369 372 588 421 quaestionem
619 369 835 412 definitiones
872 371 1099 414 referuntur,

371 431 406 456 et
422 421 462 456 ab
479 421 753 465 adversariorum
771 415 1008 463 obieflionibus
1025 418 1099 450 vin-

375 471 545 507 dicantur.
1019 475 1059 509 32
1069 475 1099 509 3.

317 521 346 563 §-
374 522 436 556 VI.
464 516 700 566 Respondetur
719 518 783 553 iis,
811 526 895 563 quae
921 526 942 548 a
969 526 1100 561 nupero

370 568 513 618 quodam
525 569 692 613 scriptore
716 564 761 600 ad
779 563 942 600 elevanda
970 572 1003 599 et
1031 565 1099 598 elu-

369 617 481 654 denda
500 617 634 651 concilii
643 614 893 661 Constantienfis
904 613 1039 648 decreta
1050 610 1100 646 ob-

363 667 545 715 J‘eHaJunt
555 689 563 702 ‚
580 665 740 712 simulque
748 672 864 711 patres
874 663 1100 708 constantien-

363 716 408 764 fis
433 716 580 751 concilii,
615 725 737 748 necnon
759 711 940 759 Bastleenfis
961 720 993 746 et
1020 712 1101 745 cleri

371 765 544 800 Gallicani
569 764 768 808 nuperrime
796 763 1018 809 congregati,
1060 758 1101 793 ab

372 816 474 860 hujus
497 814 668 848 calumniis
684 810 914 846 vindicantur.
1020 820 1099 852 325.

321 864 352 908 §.
377 866 456 898 VH.
484 861 739 898 Academiarum
756 869 788 895 et
806 861 1031 907 theologorum
1043 860 1099 904 af-

373 916 495 960 fertur
517 911 711 946 auHoritas.
1017 911 1101 952 336-

319 962 349 1006 9.
376 962 531 998 ultimus.
566 957 799 1006 Respondetur
823 956 1101 1003 adversariorum

371 1011 427 1058 obj
431 1008 618 1046 eflionibus.
1020 1016 1036 1049 3
1047 1011 1101 1047 38.

461 1088 825 1129 DISSERTATIO
876 1086 961 1124 VII.

319 1154 362 1189 In
378 1165 443 1202 qua
462 1151 638 1199 probatur,
655 1148 843 1196 pontificem
869 1157 930 1183 aut
946 1145 1102 1192 ecclesiam

369 1204 496 1238 nullam
516 1199 637 1234 habere
653 1201 689 1231 in
704 1207 800 1242 reges
811 1219 819 1234 ,
851 1205 1029 1240 eorumque
1046 1193 1100 1226 bo-

369 1262 416 1284 na
442 1249 674 1283 auHoritatem
699 1243 859 1278 direilam
894 1243 948 1276 vel
973 1240 1100 1275 indire-

370 1299 456 1333 Ham
469 1323 476 1337 ,
512 1307 568 1332 nec
584 1294 673 1341 poffe
701 1304 797 1339 reges
817 1291 857 1325 ab
871 1286 961 1337 'ipsis
981 1291 1100 1324 ullate-

371 1360 432 1382 nus
450 1346 588 1392 deponi,
617 1352 677 1378 aut
702 1353 812 1376 eorum
829 1339 981 1385 subditos
999 1351 1018 1373 a
1034 1337 1102 1379 fide

372 1405 406 1431 et
429 1395 622 1431 obedientia
648 1393 757 1427 eximi.
1020 1399 1099 1432 347.

321 1446 565 1493 Praeloquium.
1017 1437 1099 1472 ibid.

318 1495 397 1530 Cn.
426 1496 453 1528 1.
488 1494 530 1528 In
554 1505 616 1540 quo
635 1488 886 1537 demonstratur,
907 1486 1100 1535 potestatem

368 1542 515 1589 eeclefiae
540 1550 643 1577 totam
681 1539 746 1587 effe
773 1539 984 1585 spiritualem
1008 1545 1040 1572 et
1063 1538 1100 1570 iu

366 1592 569 1639 temporalia
595 1591 784 1625 nullatenus
811 1587 962 1623 extendi.
1017 1597 1096 1630 349.

319 1642 348 1685 §.
377 1643 402 1676 Ι.
430 1642 470 1676 In
485 1653 546 1689 quo
558 1642 740 1686 exponitur
755 1640 866 1683 prima
884 1638 991 1674 ratio,
1005 1636 1096 1669 Clu-i-

362 1690 450 1738 stum
467 1691 596 1733 scilicet
622 1696 660 1723 ut
684 1687 825 1732 ecclesiae
851 1694 951 1732 eaput
971 1685 1093 1718 nullam

368 1738 532 1785 lzabuiffe,
549 1745 607 1773 aut
631 1736 814 1783 exercuiffe
838 1737 873 1770 in
896 1734 1094 1781 temporalia

366 1788 569 1834 potestatem.
836 1820 840 1825 .
1013 1781 1095 1816 ibid.

316 1835 345 1880 §.
373 1839 419 1872 11.
447 1838 623 1871 continens
644 1836 805 1869 rationem
817 1829 994 1877 secundam
1019 1843 1096 1878 pro-

364 1885 550 1933 positionis,
577 1883 764 1931 potestatem
783 1883 913 1926 scilicet
931 1892 950 1914 a
970 1880 1094 1927 Christo

369 1934 510 1981 ecclefiae
529 1936 688 1970 conlatam
709 1940 811 1967 totam
840 1930 904 1976 effe
929 1931 1094 1976 spiritua-

367 1985 440 2018 lem.
1013 1990 1028 2022 3
1039 1991 1052 2023 5
1062 1992 1077 2012 2
1084 2007 1092 2015 .

363 2032 394 2075 §-
419 2034 480 2067 ΠΙ.
507 2031 547 2066 In
573 2043 633 2078 quo
658 2031 764 2065 tertia
782 2029 871 2063 ratio
888 2030 1092 2073 exponitur,

367 2081 531 2128 Christum
550 2091 666 2126 nempe
686 2087 719 2113 et
739 2077 889 2123 apostolos
906 2088 1026 2112 omnem
1034 2090 1094 2125 po-

366 2130 517 2176 testatem
541 2139 575 2165 et
593 2127 862 2175 jurisdiffionem
880 2128 1092 2172 temporalem

368 2179 411 2214 ab
427 2178 550 2224 ecclesia
568 2177 756 2212 amandare.
1012 2186 1029 2220 3
1039 2187 1053 2219 5
1063 2187 1092 2221 3.

315 2229 343 2272 §.
373 2229 434 2263 lV.
461 2228 526 2262 Seu
543 2227 1091 2274 quartumargumentumpetitum

364 2288 405 2314 ex
420 2276 615 2326 testimoniis
634 2276 859 2312 Romanorum
869 2275 1091 2321 epzjcoporum

757 229 938 267 INDEX
977 226 1508 265 DISSERTATIONVM

1193 317 1448 363 sanflorumque
1464 323 1619 362 patrum,
1647 313 1766 362 quibus
1786 312 1930 357 efficitur

1200 365 1353 413 ecclesiam
1372 368 1406 400 in
1424 366 1619 411 spiritualia
1644 372 1776 398 tantum
1807 363 1930 397 lzabere

1197 415 1407 461 potestatem,
1436 426 1501 448 uon
1513 415 1604 459 secus
1621 425 1659 447 cc
1677 424 1775 461 reges
1798 412 1922 456 insola

1199 465 1416 510 temporatim
1468 465 1517 497 ita
1544 471 1581 496 ut
1611 471 1734 497 neutra
1749 461 1892 508 potestas
1912 473 1932 494 a

1195 514 1232 558 se
1251 516 1390 547 invicem
1410 511 1608 558 dependeat.
1843 514 1927 553 356.

1149 561 1176 604 §.
1206 565 1249 598 V.
1275 562 1315 597 In
1335 574 1395 608 quo
1407 564 1522 609 quinto
1533 567 1732 608 argumento
1744 561 1939 599 evincitur,

1200 611 1355 656 ecclefiam
1380 612 1632 656 intemporalia
1656 610 1780 643 nullam
1807 607 1929 643 habere

1202 660 1437 695 auft'oritatem
1447 685 1454 698 ,
1471 671 1506 694 eo
1518 658 1605 706 quod
1612 670 1675 705 per
1685 659 1754 692 vim
1760 655 1934 705 gladium-

1202 721 1264 757 que
1280 709 1489 743 materialem
1506 710 1653 743 homines
1685 717 1803 754 cogere
1830 707 1935 741 mini-

1201 770 1251 793 me
1275 757 1381 806 poffit.
1850 767 1932 799 359.

1150 809 1225 843 Cn.
1248 810 1290 842 11.
1318 808 1358 842 In
1381 820 1441 855 quo
1451 806 1713 853 demonstratur,
1731 806 1863 840 civilem
1877 817 1937 851 po·

1203 857 1349 904 testatem
1376 858 1466 899 dese
1498 866 1530 891 et
1547 868 1588 891 ex
1605 865 1728 890 natura
1747 856 1812 900 sua
1839 853 1935 889 inde-

1200 907 1401 953 pendentem
1420 906 1484 952 effe
1502 918 1521 939 a
1538 906 1729 952 spirituali.

1152 955 1178 998 §.
1208 959 1233 990 Ι.
1260 957 1300 990 In
1320 968 1381 1002 quo
1395 954 1575 1002 probatur,
1599 954 1792 1001 potestatem
1811 954 1938 1001 regiam

1203 1004 1393 1038 immediate
1411 1004 1476 1049 effe
1492 1017 1511 1037 a
1529 1004 1622 1041 Deo,
1650 1012 1683 1038 et
1703 1001 1743 1037 ab
1762 1003 1854 1037 illius
1872 1013 1936 1048 po-

1203 1052 1321 1096 testate
1335 1053 1496 1097 pendere.
1852 1054 1934 1093 365.

1153 1099 1181 1140 §.
1212 1102 1255 1132 lx.
1284 1101 1398 1146 Reges
1410 1108 1584 1145 pecca-ntes
1602 1112 1621 1132 a
1638 1102 1766 1134 nemine
1782 1107 1936 1145 praeter·

1203 1160 1297 1194 quam
1326 1161 1345 1181 a
1371 1148 1446 1183 Deo
1481 1149 1660 1193 temporali
1691 1159 1800 1194 poena
1831 1147 1935 1193 pleat

1202 1195 1295 1239 poſje-
1851 1207 1929 1239 370-

1152 1242 1178 1282 §.
1206 1244 1267 1276 111.
1304 1242 1344 1276 In
1376 1254 1436 1289 quo
1460 1242 1671 1287 ostenditur.
1689 1243 1845 1288 ecclesiam
1870 1257 1933 1279 uon

1198 1291 1294 1337 poffe
1312 1293 1349 1325 vi
1365 1299 1398 1325 et
1416 1294 1520 1325 armis
1548 1293 1691 1338 resistere
1715 1292 1851 1338 regibus
1875 1306 1931 1338 po·

1201 1340 1318 1386 testate
1336 1342 1394 1383 fua
1414 1339 1644 1381 abutentibus,
1672 1341 1729 1384 sed
1745 1337 1855 1376 teneri
1878 1354 1930 1376 eos

1197 1392 1372 1434 patienter
1390 1392 1502 1434 ferre.
1852 1402 1930 1434 373,

1149 1437 1176 1480 §,
1204 1440 1264 1473 1V.
1291 1436 1504 1483 Principibus
1528 1439 1565 1472 in
1592 1436 1689 1472 rebus
1716 1438 1871 1473 civilibus
1897 1449 1931 1475 et
1958 1471 1963 1474 ,

1200 1485 1440 1532 temporalibus
1459 1498 1565 1521 omues
1580 1487 1643 1532 effe
1654 1486 1831 1533 fichjeft'os.
1847 1499 1927 1533 379.

1148 1535 1175 1578 §.
1205 1535 1355 1570 ultimus.
1382 1536 1425 1571 In
1440 1548 1502 1584 quo
1519 1537 1699 1582 refellitur
1714 1536 1929 1583 adversario-

1198 1587 1271 1620 rum
1291 1587 1405 1632 opinio
1415 1596 1457 1620 ex
1475 1588 1641 1620 novitate.
1845 1594 1887 1631 38
1899 1600 1927 1623 1.

1147 1635 1223 1720 ΕΑΖ.
1241 1637 1301 1669 111.
1339 1635 1380 1670 In
1405 1647 1466 1684 quo
1491 1635 1714 1683 respondetur
1731 1633 1926 1681 objeffioni-

1218 1697 1265 1719 us.

1145 1733 1173 1775 §.
1201 1735 1227 1768 1.
1256 1731 1489 1779 Respondetur
1513 1732 1773 1768 aufloritatibus
1807 1743 1841 1769 et
1873 1745 1927 1769 ex-

1196 1784 1322 1830 emplis,
1339 1793 1423 1830 quae
1432 1793 1473 1816 ex
1483 1783 1591 1827 sacris
1607 1784 1738 1818 litteris
1754 1782 1927 1828 desumun-

1195 1840 1265 1868 tur.
1839 1839 1922 1876 384.

1146 1880 1173 1924 §.
1202 1883 1244 1916 ΙΙ.
1272 1881 1313 1915 In
1331 1892 1391 1928 quo
1409 1883 1616 1926 refutantur
1640 1882 1789 1916 rationes
1816 1892 1851 1918 et
1876 1886 1926 1917 in-

1193 1929 1363 1966 duft'iones
1397 1930 1609 1965 Bellarmini.
1843 1942 1922 1974 390.

1144 1980 1170 2024 §.
1197 1981 1260 2014 ΠΙ.
1289 1978 1522 2025 Respondetur
1539 1978 1726 2014 rationibus
1751 1979 1792 2014 ab
1817 1991 1924 2015 exem-

1190 2030 1257 2076 plis
1267 2029 1340 2076 five
1358 2040 1378 2062 a
1388 2028 1496 2074 faft'is
1519 2027 1627 2074 adjus
1647 2027 1923 2065 concludentibus.

1139 2128 1196 2165 De
1213 2126 1540 2162 excommunicatione
1554 2124 1734 2173 Theodosii.
1836 2089 1923 2171 {gg-

1139 2177 1196 2215 De
1211 2175 1398 2261 priglilegio
1421 2173 1705 2222 Sammedardenfi
1722 2177 1862 2225 aliisque
1876 2177 1924 2224 fi·

1190 2227 1262 2263 mili
1287 2236 1333 2262 us.
1835 2237 1921 2268 402.

1815 2322 1872 2362 De
