2022 2733
1084 125 1102 140 h

299 214 804 250 D1SSER'TAT10NES
857 216 1203 254 HISTORICAE.
1255 220 1503 255 nisum-,IV
1593 231 1662 265 249

96 301 153 336 hoc
171 301 274 341 ovili,
302 313 356 337 eas
373 312 505 348 oportet
519 316 568 339 me
585 304 752 339 adducere
770 313 804 338 et
816 303 881 346 fiet
899 319 997 342 unztm
1019 311 1107 344 ovile
1134 318 1168 344 et
1183 321 1267 344 unus
1294 309 1406 356 pastor
1419 336 1427 348 ‚
1461 323 1584 357 nempe
1616 310 1714 346 Chri-

94 348 172 390 stuS,
195 351 255 395 qui
271 351 384 397 pastor
404 352 447 386 est
467 352 574 388 bonus
603 359 671 391 κατ’
699 355 803 398 {gamin

243 417 362 460 Iraque
383 429 420 451 ex
440 417 522 452 locis
538 431 555 451 a
575 417 781 452 Bellarmino
801 418 908 452 allatis
932 431 1001 454 non
1028 420 1137 466 potest
1154 421 1268 467 colligi
1286 418 1454 468 primatus
1470 422 1567 462 Petri,
1590 434 1626 457 ut
1643 422 1713 469 ipse

93 461 243 509 colligit,
273 476 306 498 at
323 466 418 501 aliter
438 466 549 513 potest
564 467 698 511 colligi,
726 479 763 501 ut
782 466 1058 509 observavimus,
1086 473 1164 515 quia
1182 472 1232 505 his
1254 473 1287 505 in
1314 472 1416 508 locis,
1456 474 1569 506 Petrus
1596 473 1711 519 perso-

91 524 171 546 nam
192 515 280 558 gerit
307 515 472 556 ecclesiae,
510 529 577 562 pro
602 517 740 551 caeteris
767 514 930 560 apostolis
955 517 1122 561 loquitur,
1148 531 1178 554 et
1194 519 1266 565 ipse
1291 534 1307 554 a
1334 520 1468 555 Christo
1492 523 1631 555 nomine
1661 536 1712 556 eo-

92 560 170 596 r'um
199 564 420 610 compellatur
447 565 538 611 quafi
565 567 701 611 primus
729 577 768 599 ae
789 566 1013 611 praecipuus:
1050 580 1141 602 nuuc
1167 569 1303 603 aliunde
1328 571 1518 614 primatum
1545 572 1631 604 Petri
1657 570 1712 605 sta‘

88 610 260 658 biliamus.
823 648 826 650 .

246 679 284 711 In
304 677 398 711 omni
414 677 598 712 hominum
617 676 760 723 collegio
783 676 882 712 debet
901 676 1025 721 aliquis
1042 678 1129 713 ordo
1146 677 1289 721 servari,
1317 691 1349 715 et
1362 683 1483 718 necesse
1501 684 1546 720 est
1564 686 1711 732 aliquem

91 726 248 771 primum
270 727 357 773 iuter
374 727 490 772 plures
508 727 583 761 effe:
612 727 700 761 haud
721 728 831 772 igitur
850 726 1003 767 dubium,
1032 729 1115 772 quin
1143 730 1177 762 in
1207 730 1351 775 collegio
1373 732 1557 778 apostolico
1578 740 1712 782 primus

91 774 216 819 aliquis
235 772 356 816 fuerit,
384 775 438 811 sed
459 776 549 812 hunc
567 779 704 811 Petrum
722 774 820 811 fuisse
838 775 962 811 diserte
986 777 1147 812 testantur
1172 779 1407 826 evangelistae,
1438 785 1498 828 qui
1523 798 1599 820 cum
1628 799 1711 832 apo-

92 822 198 859 stolos
216 837 425 866 enumerant,
444 829 581 861 Petrum
602 839 670 861 non
689 826 794 861 modo
813 826 949 871 semper
965 828 1082 873 primo
1102 828 1269 865 collocant
1297 831 1420 866 ordine
1434 857 1444 870 ,
1481 832 1536 869 sed
1558 838 1710 881 primum

89 871 189 908 fuisse
206 872 394 916 affirmant,
422 876 547 911 Matth.
567 888 640 922 cap.
667 888 720 911 10.
747 876 919 911 duodecim
946 877 1158 923 apostolorum
1182 882 1317 915 nomina
1340 882 1418 916 llaec
1435 884 1528 927 sunt.
1581 887 1713 921 Primus

93 923 229 965 Sinon,
257 927 315 973 qui
331 924 463 961 dicitur
490 927 628 965 Petrus,
670 925 762 970 apud
786 928 894 961 Marc.
921 926 1086 972 evangelii
1112 939 1184 974 cap.
1216 941 1244 972 3.
1288 931 1405 965 Simon
1431 934 1549 969 Petrus
1576 937 1713 981 primus

91 983 400 1015 commemoratur,
427 975 461 1017 igi
479 975 598 1016 multis
614 974 867 1019 exemplaribus
886 977 1012 1020 graecis
1041 979 1152 1020 πρῶτος
1179 979 1278 1012 etiam
1298 979 1439 1022 dicitur,
1467 995 1537 1017 non
1565 982 1656 1019 secus
1677 999 1714 1021 ae

92 1021 185 1067 apud
204 1022 328 1057 Matth.
382 1025 541 1067 Denique
561 1027 668 1057 Lucas
687 1035 757 1068 cap.
781 1029 812 1057 6.
833 1037 863 1058 v.
896 1036 948 1065 14.
977 1023 1098 1059 elessos
1125 1038 1143 1059 a
1168 1026 1304 1062 Christo
1328 1028 1499 1074 apostolos
1527 1045 1710 1069 numerans

92 1070 228 1105 orditur
245 1083 262 1105 a
282 1074 382 1111 Petro
396 1084 502 1118 atque
527 1072 608 1107 hinc
642 1071 718 1107 satis
753 1072 941 1108 luculenter
975 1072 1111 1115 constat,
1147 1077 1285 1112 Petrum
1318 1077 1407 1114 inter
1434 1080 1607 1126 apostolos
1634 1085 1709 1130 pri-

94 1132 191 1157 mum
217 1119 326 1156 fuisse.
618 1133 620 1135 ’

245 1199 296 1232 Ut
314 1198 400 1232 *vero
419 1195 589 1242 probetur
613 1200 749 1231 Petrum
768 1196 859 1230 hunc
883 1196 1033 1230 habuisse
1065 1199 1253 1242 primatum
1277 1201 1353 1248 Jure
1372 1203 1500 1246 divino,
1535 1206 1710 1244 adverten-

94 1245 179 1281 dum
196 1244 261 1286 est,
289 1248 424 1280 Petrum
450 1244 576 1279 habere
594 1250 663 1279 non
686 1242 836 1289 potuisse
853 1244 945 1277 hunc
963 1247 1148 1289 primatum
1168 1248 1229 1282 nili
1250 1251 1384 1286 Christo
1409 1252 1603 1290 instituente
1638 1271 1710 1293 non

92 1306 208 1331 autem
223 1293 440 1341 approbante
459 1304 612 1328 tantum:
641 1292 733 1327 unde
753 1295 858 1327 Lucas
876 1291 915 1326 de
929 1291 1098 1336 2lefflone
1116 1295 1222 1341 ipfius
1249 1298 1374 1334 Christi
1400 1301 1543 1346 loquens
1570 1308 1710 1342 Petrum

92 1346 249 1392 primum
271 1354 537 1380 commemorat,
566 1342 657 1388 quafi
676 1343 793 1389 primo
819 1341 897 1376 loco
920 1339 1081 1384 eleGum‚
1111 1356 1150 1380 aet
1185 1345 1350 1385 Christus,
1377 1361 1413 1384 ur
1437 1351 1707 1395 observavimus,

93 1394 184 1430 hunc
199 1406 282 1440 prae
301 1392 460 1429 omnibus
479 1392 666 1438 alloquitur
688 1404 718 1427 et
736 1404 852 1429 curam
872 1393 991 1426 ovium
1017 1393 1234 1439 peculiariter
1257 1396 1318 1442 ipfi
1339 1402 1569 1437 commendat:
1595 1405 1709 1451 itaque

95 1445 213 1491 negari
231 1455 301 1478 non
321 1442 428 1482 debet,
446 1444 529 1487 quin
546 1455 584 1476 ex
599 1440 726 1477 Christi
745 1440 897 1476 instituto
922 1444 1040 1477 Petrus
1067 1440 1173 1479 fuerit
1198 1446 1336 1491 primus
1355 1461 1361 1480 :
1390 1461 1451 1485 cur
1479 1463 1591 1488 autem
1621 1455 1707 1490 hane

44 1528 53 1534 ,
94 1494 370 1540 praerogativam
389 1492 450 1537 ipfi
471 1490 625 1530 Christus
644 1488 855 1528 concesserit,
881 1504 984 1527 nemo
1000 1504 1089 1528 certo
1107 1493 1247 1530 definire
1264 1497 1383 1542 potest.
1434 1502 1520 1536 Sunt
1544 1504 1602 1548 qui
1624 1505 1658 1539 id
1677 1507 1708 1540 ei

97 1541 142 1579 ob
163 1553 304 1578 aetatem
329 1541 480 1577 delatum
497 1540 607 1574 dicant
625 1550 662 1573 ut
673 1541 820 1574 Hieron.
838 1539 897 1575 lib.
920 1553 949 1575 1.
969 1553 1084 1577 contra
1101 1545 1215 1591 Jovin.
1234 1547 1367 1588 AEtati,
1395 1550 1524 1595 inquit,
1553 1553 1708 1596 delatum,

97 1595 179 1641 quia
195 1593 314 1627 Petrus
328 1593 444 1635 senior
462 1599 553 1625 erat:
581 1586 662 1624 Cass.
681 1588 738 1623 lib.
762 1599 791 1632 3.
815 1588 854 1622 de
869 1591 1034 1625 Incarnat.
1062 1594 1228 1632 Primum,
1254 1597 1386 1642 inquit,
1413 1601 1499 1635 hunc
1517 1601 1631 1638 docuit
1655 1615 1708 1639 re-

86 1641 262 1689 spondere,
281 1648 320 1675 ut
338 1639 423 1674 idem
440 1638 523 1673 ordo
541 1638 618 1685 effet
639 1638 861 1685 responsionis,
887 1642 945 1685 qui
968 1650 1042 1676 erat
1069 1642 1224 1684 moris,
1254 1656 1287 1681 et
1311 1649 1379 1693 ipse
1396 1651 1610 1687 antecederet
1636 1665 1709 1688 con-

93 1689 239 1736 feffione,
255 1691 313 1738 qui
326 1686 544 1724 antecedebat
561 1697 695 1723 aetate:
724 1685 894 1735 Chrysost.
914 1688 1049 1723 Homil.
1070 1703 1124 1735 59.
1145 1693 1178 1726 in
1190 1695 1313 1729 Matth.
1330 1698 1394 1732 ait:
1421 1698 1629 1735 Didraclzma
1641 1714 1708 1748 pro

95 1739 194 1774 Petro
210 1740 366 1783 solutum,
381 1737 468 1785 quod
486 1740 558 1784 ipse
579 1738 658 1784 effer
673 1739 941 1785 primogenitus,
969 1750 1005 1774 ac
1022 1740 1166 1784 proinde
1184 1743 1319 1778 Andrea
1340 1744 1452 1781 senior
1470 1760 1570 1792 quem
1593 1761 1705 1787 tamen

94 1787 225 1835 Epiph.
253 1790 354 1822 Petro
372 1787 536 1821 seniorem
554 1786 616 1822 effe
637 1786 821 1821 arbitratur
838 1785 961 1821 haeresi
991 1799 1064 1831 51.,
1084 1787 1139 1823 sed
1167 1790 1233 1826 fine
1250 1791 1486 1832 fundamento.
1537 1799 1606 1834 Alii
1633 1803 1706 1846 pri-

95 1841 228 1873 matum
244 1838 337 1872 Petri
346 1848 505 1882 repetunt
522 1849 559 1871 ex
581 1849 632 1876 eo,
653 1837 744 1881 quod
761 1837 895 1882 primus
913 1835 1017 1871 fuerit
1036 1851 1183 1875 vocatus.
1238 1845 1332 1878 Nam
1348 1844 1422 1880 licet
1438 1847 1586 1882 Andreas
1605 1851 1706 1896 prior

95 1884 261 1929 accesserit
279 1886 321 1921 ad
338 1885 530 1927 Christum,
558 1887 696 1921 videtur
713 1897 821 1920 tamen
839 1887 973 1931 primus
992 1890 1109 1923 Petrus
1127 1889 1168 1924 ad
1193 1902 1320 1926 munus
1355 1892 1480 1931 eleQus
1507 1895 1570 1932 effe
1586 1924 1594 1939 ‚
1623 1912 1704 1937 cum

95 1931 181 1977 dixit
198 1937 229 1971 ei
245 1934 400 1976 Christus
418 1938 496 1971 Luc.
521 1948 550 1970 1.
579 1937 662 1970 Noli
680 1939 816 1976 timere,
843 1947 883 1970 ex
899 1937 956 1971 Ιιοι·
973 1940 1059 1972 enim
1078 1941 1144 1973 eris
1161 1941 1307 1977 lzomines
1326 1947 1482 1990 capiens.-
1508 1947 1554 1982 ita
1572 1950 1700 1996 Epiph.

93 1985 219 2028 haeresi
242 1998 295 2030 5¹·
326 1985 482 2030 Occursus
500 1985 658 2021 Andreae
671 1989 803 2032 primus
822 1987 988 2034 contigit,·
1023 1988 1130 2034 postea
1155 1990 1268 2036 rursus
1301 1993 1434 2040 quando
1460 1999 1617 2042 perfeft'a
1647 2012 1702 2035 re-

91 2037 268 2072 nuntiatio
281 2036 381 2082 faffa
399 2034 458 2081 est,
486 2037 554 2081 ipse
570 2037 719 2081 fratrem
728 2037 824 2080 Juum
842 2035 1011 2082 praeceffit
1023 2063 1030 2077 ,
1060 2049 1092 2072 et
1109 2039 1144 2072 in
1163 2041 1317 2076 Ancorat.
1354 2043 1428 2089 Ipse
1451 2044 1601 2082 dominus
1626 2062 1702 2084 con-

91 2084 204 2130 stituit
223 2085 358 2121 Petrum
372 2087 518 2131 primum
535 2084 761 2132 apostolorum.
815 2086 915 2132 Cypr.
937 2085 1019 2120 item
1036 2087 1070 2121 in
1085 2085 1143 2123 lib.
1163 2087 1278 2124 testim.
1299 2091 1340 2126 ad
1360 2094 1547 2135 Quirinum
1566 2097 1610 2132 ait
1628 2101 1700 2133 Pet-

93 2132 171 2178 rum
184 2131 340 2181 primum
357 2133 427 2175 efle,
448 2146 548 2178 quem
567 2131 718 2168 Christus
731 2133 843 2180 elegit.
872 2133 943 2169 Hil.
961 2135 996 2169 in
1011 2136 1134 2172 Matth.
1155 2149 1216 2184 cap
1247 2151 1280 2184 7.
1306 2142 1427 2177 Petrus
1445 2147 1576 2189 primus
1597 2149 1701 2182 credi-

90 2176 145 2227 dit
162 2193 196 2220 et
212 2183 408 2230 apostolatus
425 2183 468 2229 est
481 2186 652 2231 princeps.
707 2183 858 2229 Gregor.
874 2185 992 2230 Magn.
1010 2185 1068 2220 lib.
1092 2198 1123 2220 2.
1153 2186 1255 2234 super
1278 2190 1397 2226 Ezech.
1422 2194 1554 2228 Homil.
1587 2202 1639 2235 18,
1667 2206 1700 2232 et

88 2241 158 2267 non
173 2233 214 2269 in
223 2235 415 2272 memoriam
433 2242 578 2276 revocat,
596 2231 685 2286 quod
693 2235 825 2281 primus
841 2235 878 2268 in
895 2234 1105 2288 qposiolatum
1121 2239 1308 2290 qocatussit
1323 2265 1333 2281 2
1361 2250 1394 2276 et
1418 2241 1586 2291 Chrysost.
1604 2244 1699 2283 hom.

855 2284 873 2318 Ι
898 2295 911 2318 ι
1559 2306 1589 2339 9.
1607 2294 1650 2330 de
