1961 2718
286 231 353 263 342
468 270 473 274 ἱ
514 215 584 249 nr
611 198 888 251 ANTlQUA
915 204 1201 241 necrnsxffi
1225 199 1570 238 n1sc11³L1NA

235 309 422 356 perierem.
476 305 574 344 Dixi,
602 302 660 337 ubi
681 302 850 347 legitimus
870 295 914 331 est
930 292 1105 342 pontifex,
1157 305 1234 328 nam
1261 292 1320 328 ubi
1347 291 1504 339 pontifex
1520 290 1565 327 est
1579 292 1767 326 haereticus
1794 301 1851 327 aut

236 357 465 394 schismaticus
479 380 486 394 ,
514 364 570 387 aut
594 349 864 395 gravislimorum
885 347 1066 380 criminum
1088 356 1185 383 reus,
1215 342 1236 376 fi
1257 344 1331 386 quis
1351 342 1446 376 vellet
1466 354 1543 376 eum
1564 339 1851 387 depofirionisuae

236 406 405 445 assentiri,
460 405 487 439 is
511 399 670 449 profesto
688 398 847 434 incalsum
868 395 1045 430 laboraret.
1097 391 1244 429 Sufficiet
1261 404 1342 437 ergo
1362 392 1427 425 hoc
1446 392 1479 424 in
1495 389 1588 430 casu,
1616 401 1655 425 ut
1674 390 1847 435 legitimus

234 455 393 503 pontifex
417 467 434 488 a
461 452 593 501 synodo
623 447 749 484 elestus
772 445 847 493 post
863 445 965 492 hujus
986 442 1232 490 depositionem
1257 439 1328 475 atla
1348 439 1470 488 synodi
1488 437 1680 473 confirmet.
1733 443 1848 484 Atque

235 508 280 541 ita
301 517 359 539 nec
379 516 415 538 ex
426 500 702 538 confirmatione,
757 509 816 531 nec
835 493 1112 541 expraefidemia
1138 490 1349 538 synodorum
1370 488 1577 536 generalium
1589 484 1699 534 potest
1717 488 1852 526 inkerri,

234 553 434 603 pontificem
453 551 513 586 eli'e
539 548 684 585 concilio
705 546 925 593 superiorem.

390 600 561 647 objicitur
579 599 688 634 sexto,
717 594 847 630 dietum
867 591 1001 628 concilii
1019 591 1166 625 Romani
1187 587 1244 623 sub
1266 588 1487 637 Symmacho,
1537 598 1665 634 papam
1688 595 1857 634 nunquan
1902 592 1904 594 ’

238 648 614 696 minorumsubjacutſjb
635 644 774 692 judicio.

388 697 598 744 Respondem
618 696 790 729 minorum
812 691 948 726 nomine
966 687 1079 724 forsan
1099 686 1182 720 alios
1203 686 1346 731 intelligi
1364 698 1465 731 quam
1487 683 1685 731 episcopos,
1715 682 1776 727 qui
1792 680 1855 716 mi-

240 764 341 788 nores
361 750 428 784 dici
449 759 507 782 nec
528 746 650 781 debent
668 755 727 776 nec
747 739 892 786 possunt.
920 740 939 755 ³⁶
967 737 1096 772 Deinde
1115 747 1195 769 vero
1213 737 1310 769 etiam
1332 734 1354 769 {i
1381 735 1420 769 de
1447 731 1618 780 episcopis
1649 732 1854 775 loqueretur

241 800 444 837 concilium,
472 808 540 831 non
561 793 715 836 loquitur
735 790 775 823 de
795 787 939 822 concilio
959 784 1124 830 generali,
1154 782 1211 816 sed
1238 784 1277 816 de
1305 784 1450 816 concilio
1478 781 1709 826 quorumdam
1738 779 1852 814 [taliae

241 848 505 897 episcoporum3
562 842 708 884 denique
735 838 888 881 loquitur
907 834 946 868 ad
975 844 1122 867 mentem
1140 833 1386 870 Romanorum,
1407 831 1549 874 quitum
1567 829 1732 874 temporis
1750 826 1858 862 existi-

239 901 377 935 mabant
395 891 594 942 pontificem
613 902 630 923 a
650 887 780 935 synodo
798 882 995 931 praesertim
1015 880 1211 927 particulari
1230 879 1354 926 deponi
1371 892 1438 913 non
1458 877 1551 925 polle
1571 876 1627 911 mfi
1641 880 1674 910 in
1691 877 1766 911 casu
1777 877 1857 910 hae-

241 947 362 985 reseos,
414 941 589 988 Agebatur
605 948 717 972 autem
735 935 775 970 de
793 931 950 969 moribus
968 928 1142 977 pontificis
1156 955 1163 969 ‚
1193 941 1262 972 quo
1280 929 1314 962 in
1332 928 1406 963 casu
1430 927 1662 962 existimabant
1682 938 1755 961 tum
1772 937 1857 961 tem-

240 998 337 1045 poris
353 991 512 1029 nonnulli
529 1001 605 1024 eum
623 983 865 1021 reservandum
891 979 954 1015 ess'e
980 981 1097 1014 divino
1116 978 1254 1025 judicio.
1512 979 1516 983 '

390 1040 527 1088 Objicio
544 1037 707 1083 septimo,
737 1032 902 1079 quaedam
920 1026 1378 1072 Rornanorum'pontificum
1406 1024 1513 1066 dista,
1547 1036 1586 1060 ut
1608 1025 1733 1059 Leonis
1754 1027 1778 1059 Ι.
1799 1036 1854 1070 ep.

242 1103 301 1140 48.
330 1091 507 1129 scribentis
525 1088 567 1123 ad
584 1087 671 1121 Petri
692 1083 818 1121 sedem,
840 1078 1013 1115 universae
1031 1076 1179 1113 ecclesiae
1202 1089 1317 1111 curam
1336 1078 1515 1121 pertinere.
1570 1074 1691 1110 Gelalii
1711 1076 1734 1107 1.
1756 1072 1852 1120 epist.

244 1158 300 1190 13.
321 1142 474 1180 dicentis,
494 1136 587 1183 quod
604 1130 972 1174 sacrosanElaRomana
988 1126 1116 1163 ecclesia
1133 1126 1173 1160 de
1190 1125 1350 1160 omnibus
1377 1124 1495 1159 habeat
1517 1122 1690 1171 judicandi
1707 1124 1857 1168 potesta-

242 1207 322 1233 rem,
343 1203 403 1226 nec
420 1190 580 1233 cuiquam
597 1185 693 1219 liceat
712 1182 751 1216 de
770 1183 841 1215 eius
859 1179 1008 1226 judicare
1024 1177 1163 1225 judicio·
1185 1176 1387 1221 Gregoriil.
1408 1175 1469 1218 qui
1488 1173 1582 1219 epist.
1605 1184 1659 1216 39.
1679 1172 1736 1208 lib.
1751 1185 1781 1215 9.
1808 1173 1854 1208 ait

242 1248 383 1279 Petrum
403 1237 607 1283 respondere
627 1229 775 1279 potuiss'e
792 1231 844 1269 iis,
863 1229 924 1272 qui
944 1234 1021 1261 eum
1039 1225 1238 1270 culpabant,
1268 1237 1336 1258 non
1357 1221 1419 1257 effe
1436 1224 1556 1257 ovium
1574 1221 1744 1267 pastorem
1755 1220 1854 1257 suum

242 1288 497 1338 reprehendere.
549 1282 688 1318 Nicolai
699 1282 726 1315 1.
756 1278 897 1312 dicentis
917 1277 951 1309 in
971 1273 1122 1319 epistolar
1139 1273 1179 1306 ad
1199 1273 1403 1307 Michaelem
1433 1273 1674 1315 imperatorem
1686 1270 1858 1315 judicium

234 1342 325 1390 sedis
344 1336 540 1383 apostolicae,
559 1342 640 1380 quae
650 1330 858 1373 superiorem
876 1335 943 1358 non
962 1324 1133 1370 agnoscit,
1162 1333 1182 1353 a
1196 1323 1326 1354 nemine
1343 1322 1509 1364 refricari
1527 1319 1630 1364 poffe.
1693 1316 1857 1354 Paschalis

241 1394 286 1427 ΙΙ,
316 1387 411 1434 eujus
432 1382 531 1417 verba
549 1376 746 1415 referuntur
766 1375 800 1408 in
818 1373 926 1419 capite
935 1369 1133 1419 significasti
1149 1379 1238 1402 extra
1257 1369 1297 1402 de
1323 1365 1589 1402 elestionibusin
1602 1368 1691 1400 hunc
1702 1368 1855 1403 modum:

241 1442 373 1477 Aiunt,
400 1433 512 1477 inquit
527 1455 536 1468 ,
565 1432 601 1463 in
625 1427 771 1462 conciliis
785 1424 943 1469 statutum
960 1433 1024 1454 non
1042 1419 1193 1452 inveniri
1205 1417 1293 1462 quast
1302 1417 1471 1450 Romanae
1482 1416 1740 1461 ecclessaelegem
1750 1420 1859 1452 conci-

243 1492 291 1526 lia
312 1487 381 1522 ulla
394 1480 640 1530 praefixerint,
667 1486 736 1508 cum
759 1474 868 1507 omnia
888 1469 1095 1511 conciliaper
1114 1466 1280 1499 Romanae
1299 1463 1444 1508 ecclesiae
1457 1465 1692 1499 anaoritarem
1709 1473 1743 1499 et
1754 1467 1857 1511 fafh

235 1539 305 1587 fint
323 1544 355 1570 et
374 1531 478 1566 robur
497 1528 702 1573 acceperint,
731 1529 763 1555 et
780 1523 817 1554 in
835 1529 945 1553 eorum
958 1516 1095 1562 statutis
1114 1513 1257 1548 Romani
1279 1511 1449 1559 pontificis
1476 1521 1640 1560 patenter
1665 1515 1857 1560 recipiatur

245 1585 442 1623 austeritas.

394 1622 574 1664 Alexandri
590 1622 652 1655 ΙΙΙ.
682 1631 752 1665 cap.
770 1619 847 1653 licet
867 1627 955 1650 extra
975 1613 1015 1648 de
1035 1609 1217 1651 elestione‚
1245 1609 1303 1644 ubi
1330 1609 1487 1645 statuitur
1517 1610 1638 1657 majori
1653 1611 1778 1646 cautela
1798 1612 1858 1648 eli.

242 1682 397 1731 gendum
418 1674 477 1710 esse
494 1676 688 1708 Romanum
707 1665 908 1714 episcopum
927 1675 1028 1707 quam
1047 1672 1194 1695 caeteros
1207 1685 1214 1699 ,
1243 1661 1321 1703 quia
1340 1659 1361 1693 {i
1380 1659 1485 1694 malus
1507 1659 1650 1705 eligatur
1672 1660 1829 1707 pontifex

244 1724 378 1770 nullum
398 1728 459 1761 erit
474 1719 685 1758 remedium,
711 1729 789 1752 cum
807 1728 873 1750 non
885 1713 1005 1748 habeat
1016 1710 1236 1756 superiorem,
1255 1721 1273 1743 a
1291 1720 1359 1752 quo
1378 1709 1502 1754 deponi
1521 1708 1632 1754 poffit.
1689 1688 1853 1746 innocen:

246 1785 284 1820 tii
305 1784 366 1817 111.
397 1773 538 1810 dicentis
564 1768 721 1803 sermone
736 1779 771 1800 -2.
802 1764 832 1799 se
849 1774 993 1810 propter
1009 1760 1119 1795 solum
1139 1760 1173 1793 in
1193 1756 1259 1791 fide
1284 1769 1455 1802 peecatum
1481 1756 1574 1803 posse
1594 1758 1633 1792 ab
1657 1759 1786 1794 ecclesia
1803 1760 1854 1807 ju.

247 1831 367 1868 dicari,
394 1827 428 1860 in
449 1820 582 1857 caeteris
602 1821 714 1854 Deum
734 1814 855 1849 habere
876 1812 1032 1859 judicem.
1085 1804 1250 1844 Bonifacii
1277 1807 1422 1851 denique
1443 1809 1538 1841 V111.
1567 1806 1599 1840 in
1624 1811 1854 1854 extravaganti

246 1892 343 1917 unam
366 1874 528 1919 sanflam,
554 1869 611 1902 ubi
629 1867 673 1902 ait
691 1865 884 1911 supremam
905 1859 967 1896 effe
984 1859 1131 1896 Romani
1152 1854 1328 1903 pontificis
1347 1855 1567 1902 potestatem,
1595 1868 1680 1901 quae
1697 1870 1765 1893 non
1793 1860 1853 1895 njfi

243 1944 263 1966 a
279 1932 351 1964 Deo
371 1921 469 1971 possit
483 1918 635 1966 judicari.

397 1969 597 2014 Respondeo
615 1965 656 2000 ad
675 1961 804 2008 singula
822 1957 1028 1995 testimonia,
1081 1955 1122 1990 ad
1139 1955 1289 2000 primum
1310 1956 1432 1989 Leonis
1456 1957 1481 1989 1.
1513 1967 1630 1989 verum
1649 1954 1711 1990 esse
1729 1958 1854 1992 Roma.

248 2039 331 2063 num
354 2019 554 2068 episcopum
575 2025 686 2048 curam
714 2022 830 2055 gerere
856 2007 1026 2041 universae
1051 2003 1214 2039 ecclesiae.
1268 2001 1324 2037 sed
1351 2003 1558 2039 distributim
1586 2016 1653 2039 non
1680 2004 1850 2041 collefflm

247 2079 416 2120 summme,
448 2065 536 2102 unde
557 2076 624 2098 non
646 2060 729 2096 valet
747 2057 936 2094 consecutio
955 2054 1159 2090 Bellarmini.
1213 2053 1307 2098 Ergo
1330 2053 1428 2087 etiam
1455 2064 1570 2088 curam
1599 2053 1735 2089 concilii
1754 2066 1849 2098 gene-

1334 2119 1339 2124 '
1723 2101 1802 2137 ralis

290 2223 305 2238 ⁸
331 2221 399 2248 Cum
418 2219 475 2244 sunt
497 2217 522 2242 in
533 2214 644 2241 concilio
662 2199 834 2242 congregati,
858 2209 922 2241 quin
946 2206 1026 2232 etiam
1045 2202 1162 2230 Romani
1182 2201 1322 2235 pontifices
1332 2202 1488 2235 episcopos,
1510 2202 1543 2227 ad
1562 2209 1627 2235 quon
1636 2201 1772 2232 scribunt,
1795 2204 1853 2229 001·

328 2265 401 2297 lega:
413 2280 419 2290 .
442 2259 539 2285 fun-es
556 2262 581 2282 et
599 2251 800 2281 consacerdotes
819 2249 911 2283 paffim
929 2247 1083 2280 adpellant,
1107 2251 1245 2277 nunquam
1264 2242 1335 2268 filios
1354 2249 1399 2268 aut
1417 2243 1552 2279 minoren
1576 2241 1623 2273 effi
1649 2243 1722 2273 enim
1746 2243 1780 2269 iit
1797 2243 1852 2271 R..

328 2310 423 2332 mnus
442 2299 566 2335 pontifex
582 2297 610 2324 ‘m
630 2295 749 2330 primatu
766 2291 798 2319 fit
813 2291 951 2329 superior,
974 2289 1009 2316 est
1026 2292 1118 2316 tamen
1141 2285 1298 2322 episcopatu
1316 2285 1409 2314 frater.
1847 2274 1852 2277 ’
