1961 2718
275 196 342 231 324
519 177 891 220 DE—ANTIQUA
921 171 1563 213 ECCLESIAE'DISCI‘PLINA
1598 178 1627 211 ,”“
1666 180 1672 206 1

373 268 451 306 Post
470 279 618 304 mortem
638 265 820 302 Alexandri
837 266 881 300 V.
910 264 1055 310 Joannes
1078 263 1202 297 XXIII.
1223 261 1327 308 hujus
1355 261 1518 297 successor
1534 261 1717 297 concilium
1738 261 1830 295 Con-

226 320 401 357 ssantiense
416 346 424 361 ,
459 317 550 364 quasi
570 317 610 351 ad
630 315 923 351 continuationem
944 310 1050 346 Pisani
1074 323 1164 346 anno
1196 322 1298 353 ¹4¹4·
1324 310 1453 346 indicit.
1506 313 1601 346 Huic
1626 310 1696 355 ipse
1719 311 1833 355 ponti-

228 369 285 406 fex
299 368 429 410 adfuit,
457 366 681 415 promisitque
698 364 816 410 septo
835 363 929 399 bono
945 362 1037 407 pacis
1058 358 1259 406 pontificatu
1279 359 1444 396 cessurum
1462 385 1470 399 ,
1506 361 1612 395 modo
1631 357 1837 394 Benedistus

228 423 320 456 XIII.
340 431 371 454 et
388 418 579 464 Gregorius
595 417 670 450 XII.
687 414 777 448 idem
796 410 956 446 facerentss
1010 410 1075 446 Sed
1096 410 1198 456 hujus
1215 409 1470 456 pollicitationis
1487 406 1696 455 poenitentia
1715 405 1834 443 duglas

227 482 245 504 a
265 470 412 504 concilio
440 465 569 502 seceffit.
630 463 875 499 Nihilominus
899 459 1085 495 concilium
1109 471 1178 493 non
1201 471 1393 505 propterea·
1411 459 1643 505 interruptum
1673 457 1735 494 est,
1762 459 1833 491 imo

234 519 404 553 decretum
430 515 553 554 emisit,
583 525 652 557 quo
669 511 889 546 definiebatur
908 508 1090 545 concilium
1116 507 1234 544 secessu
1263 509 1402 555 Joannis
1428 510 1554 544 XXIII.
1581 520 1651 542 non
1677 503 1739 541 effe
1767 505 1833 541 dis-

232 567 390 603 solutum.
435 565 570 599 Deinde
588 575 669 596 vero
686 559 879 596 seffionibus
896 571 928 600 4.
948 569 1029 602 et,5.
1045 559 1170 603 dtJerte
1190 557 1348 599 definivit
1375 560 1547 594 concilium
1569 557 1733 606 generale
1758 559 1836 590 uni-

235 618 362 662 versam
379 615 637 661 repraesentans
663 610 836 657 ecclesiam,
869 607 1061 655 potestatem
1078 608 1174 652 suam
1201 607 1390 641 immediate
1416 606 1536 642 habere
1559 619 1580 640 a
1609 605 1733 650 Christo
1749 630 1757 646 ,
1784 607 1839 640 cui

235 664 375 714 quilibet
393 659 753 709 cujuscumquestatus,
795 660 848 692 vel
869 657 1054 704 dignitatis
1083 656 1205 703 etiamst
1222 657 1354 702 papalis
1380 655 1516 700 canstat,
1543 654 1678 689 obedire
1701 663 1841 689 tenetur

234 718 273 749 in
287 715 357 754 lzis,
384 724 466 761 quae
480 714 656 758 pertinent
673 708 717 743 ad
735 707 830 747 fidem
847 715 879 741 et
896 708 1150 751 extirpationem
1160 706 1349 749 schismatis
1361 713 1394 739 et
1408 707 1680 748 reformationem
1697 702 1841 748 ecclesiae

232 763 429 812 generalem
448 764 484 795 in
505 762 614 805 capite
633 768 664 793 et
683 761 719 790 in
736 754 898 790 membris.
951 756 1069 788 Hocce
1087 753 1258 787 decretum
1277 752 1462 797 probatum
1481 753 1549 787 fuit
1570 752 1785 787 nationaliter
1802 764 1838 785 ac

237 811 361 845 deinde
378 809 601 858 synodaliter,
629 806 693 839 hoc
713 803 776 843 est,
804 801 1013 849 sejunstum,
1039 812 1077 835 ut
1094 799 1195 835 fiebat
1215 801 1257 835 ab
1277 813 1478 846 unaquaque
1501 803 1657 839 natione,
1690 813 1727 835 ac
1749 800 1840 834 dein-

234 860 277 896 de
294 860 336 895 ab
355 856 514 895 universis
532 858 567 890 in
585 853 718 902 synodo
744 850 910 897 patribus.
1151 852 1153 854 '

388 907 512 941 Omnia
530 915 637 950 porro
657 903 701 937 ita
713 900 852 940 ,decreta
872 911 903 934 et
920 897 1058 933 definita
1082 898 1117 932 in
1136 895 1285 933 concilio
1312 910 1330 931 a
1349 898 1504 934 Martino
1529 901 1572 933 V.
1589 896 1733 944 probata
1749 896 1843 938 sunt,

238 959 300 1005 qui
319 957 375 992 illa
391 966 524 990 tanturn
541 953 664 998 excipit
678 977 686 990 ,
715 961 798 994 quae
818 947 1035 983 nationaliter
1054 959 1084 982 et
1104 960 1172 982 non
1192 946 1398 994 synodaliter
1431 947 1566 982 definita
1591 946 1740 981 fuerant.

386 1003 462 1040 Post
479 1004 563 1037 haec
576 1004 721 1048 Joannes
741 1000 865 1034 XXIII.
884 997 924 1032 ad
941 996 1109 1044 synodum
1126 998 1243 1031 citatus
1264 994 1443 1042 respondit
1454 996 1487 1031 se
1511 994 1669 1031 discessus
1689 995 1739 1033 sui
1760 1005 1841 1041 poe-

238 1056 380 1092 nitentia
399 1053 494 1094 duci,
522 1051 665 1098 probari
683 1063 700 1084 a
719 1048 769 1088 se,
799 1060 884 1092 quae
902 1044 988 1081 fasta
1007 1045 1144 1081 fuerant
1161 1059 1179 1080 a
1195 1046 1362 1086 concilio,
1392 1049 1544 1090 quaeque
1563 1046 1721 1091 deinceps
1747 1057 1841 1079 erant

238 1104 432 1144 statuenda,
459 1111 684 1148 paratumque
704 1097 738 1132 se
756 1095 830 1137 effe7
851 1108 1108 1141 quaecumquea
1133 1094 1280 1130 concilio
1302 1096 1401 1133 etiam
1429 1094 1606 1129 adversum
1635 1093 1665 1129 se
1688 1094 1846 1128 decerne-

239 1159 378 1195 rentur,
405 1151 604 1198 adprobare.
656 1148 751 1183 Idem
769 1143 850 1180 fecit
871 1146 1064 1190 Gregorius
1082 1147 1178 1185 XlI.‚
1201 1143 1293 1178 solus
1317 1136 1520 1179 Benedifius
1545 1145 1638 1179 XIII.
1673 1141 1705 1177 se
1730 1142 1843 1188 ipsum

241 1199 448 1251 pontificatu
465 1200 637 1236 abdicare,
666 1209 697 1232 et
717 1196 850 1231 concilii
870 1196 998 1242 judicio
1023 1195 1151 1228 causam
1177 1195 1389 1229 committere
1415 1196 1552 1234 renuit,
1595 1204 1697 1237 atque
1721 1192 1798 1226 ideo
1825 1204 1845 1226 a

242 1252 408 1292 concilio,
437 1260 475 1284 ut
491 1259 673 1284 contumax
694 1245 738 1280 est
757 1245 969 1289 proscriptus
992 1242 1125 1277 seffioue
1146 1254 1219 1285 37.‚
1260 1241 1384 1276 deinde
1410 1241 1546 1277 seflione
1577 1241 1842 1285 39sconcilium

243 1301 416 1336 decretum
436 1297 588 1333 condidit
607 1296 646 1329 de
666 1292 872 1327 celebrandis
891 1292 1031 1336 lingulis
1053 1291 1297 1334 quinquenniis
1314 1291 1466 1324 conciliis
1484 1288 1707 1335 generalibus.

260 1347 261 1352 ’
390 1350 636 1390 Quaecumque
659 1354 769 1376 autem
798 1342 831 1374 in
858 1340 1001 1374 concilio
1028 1338 1246 1372 nationalitet‘
1266 1349 1297 1371 et
1323 1337 1528 1384 synodaliter
1551 1336 1685 1373 fuerant
1708 1336 1845 1373 definita

242 1399 416 1436 Martinus
436 1398 478 1430 V.
497 1395 669 1440 legitimus
691 1387 850 1436 pontifex
868 1402 886 1422 a
905 1388 1048 1423 concilio
1069 1385 1191 1421 eleelus
1212 1398 1282 1421 rata
1307 1386 1426 1421 habuit
1442 1389 1479 1423 et'
1497 1387 1675 1433 probavit,
1711 1387 1747 1421 in
1773 1388 1843 1433 pri-

242 1450 308 1483 mis
326 1459 410 1482 vero
429 1446 559 1479 decreta
577 1439 723 1476 seffionis
742 1451 774 1480 4.
795 1449 827 1472 et
847 1450 875 1479 5.
928 1440 1021 1470 Nam
1048 1438 1140 1469 inter
1157 1435 1317 1469 articulos
1346 1435 1456 1469 bullae
1483 1437 1516 1471 in
1542 1449 1675 1472 errores
1701 1430 1847 1473 Wieleffi

242 1498 398 1533 conditae
428 1493 518 1541 jubet
534 1488 743 1534 interrogari
763 1484 976 1524 wiclefistas,
1007 1496 1089 1517 num
1113 1495 1244 1517 teneant
1272 1483 1453 1518 concilium
1478 1486 1632 1530 'generale
1655 1485 1846 1521 universam

243 1545 408 1581 ecclesiam
433 1539 704 1587 repraesentare,
742 1547 824 1569 num
853 1534 994 1568 doceant
1021 1545 1079 1572 ea,
1114 1544 1200 1576 quae
1225 1544 1242 1565 a
1269 1531 1415 1566 concilio
1441 1533 1677 1568 Constantienst
1702 1534 1850 1580 probata.

241 1596 338 1637 sunt,
367 1593 407 1629 ab
424 1589 586 1627 omnibus
612 1585 799 1623 christianis
823 1583 967 1630 probari
1003 1581 1140 1622 debere,
1177 1580 1268 1625 quod
1295 1581 1434 1626 quidem
1460 1580 1614 1618 seffiones
1640 1593 1792 1627 quartam
1813 1594 1848 1619 et

244 1644 398 1692 quintam
414 1640 560 1687 respicit.
1315 1639 1318 1645 '
1508 1651 1512 1654 -
1798 1635 1799 1638 ’
1829 1626 1832 1630 ’

247 1712 250 1715 -
394 1692 487 1726 Idem
504 1687 659 1735 pontifex
677 1686 809 1721 decreto
828 1680 1088 1720 Constantienfis
1113 1679 1245 1716 concilii
1271 1692 1402 1717 morem
1437 1685 1554 1728 gerens
1579 1682 1763 1718 concilium
1787 1687 1844 1729 ge-

246 1743 357 1779 nerale
374 1740 506 1776 'indixit
522 1739 638 1784 primo
658 1736 795 1782 Papiae,
823 1733 944 1768 deinde
963 1733 1054 1766 Senis
1075 1743 1110 1765 ac
1136 1730 1271 1764 demum
1303 1730 1442 1765 Basileae
1459 1756 1468 1769 ,
1495 1743 1529 1766 at
1547 1742 1626 1765 ante
1651 1732 1750 1778 hujus
1776 1733 1843 1766 ini-

245 1795 332 1828 tium
354 1805 371 1825 e
389 1790 475 1825 vivis
494 1787 655 1822 exceffitz-
671 1785 772 1832 hujus
791 1795 873 1818 vero
893 1778 1052 1816 successor
1067 1781 1235 1825 Eugenius
1254 1781 1313 1814 IV.
1333 1780 1508 1827 Julianum
1534 1780 1735 1815 cardinalem
1756 1780 1842 1826 lega-

243 1854 318 1878 tum
341 1840 422 1876 illuc
440 1837 627 1874 destinavit,
654 1845 693 1870 ut
709 1833 856 1869 concilio
872 1829 1040 1878 praeesset.
1094 1832 1134 1864 In
1152 1841 1191 1863 eo
1211 1840 1241 1861 2.
1265 1827 1399 1864 sessione
1425 1829 1557 1864 concilii
1582 1828 1844 1865 constantiensis

247 1892 290 1927 de
309 1890 486 1925 autoritate
509 1885 642 1922 concilii
661 1883 761 1930 supra
780 1893 906 1929 papam
926 1880 1054 1914 decreta
1071 1887 1228 1913 renovata
1249 1875 1335 1913 sunt.
1390 1880 1541 1914 Conatus
1563 1877 1608 1913 est
1633 1878 1754 1912 deinde
1775 1880 1844 1914 Eu.

244 1942 364 1988 genius
385 1937 564 1973 concilium
583 1933 776 1973 dissolvere,
801 1944 838 1966 ac
859 1929 942 1965 stetit
959 1929 1044 1963 illud
1063 1927 1301 1965 nihilominus,
1321 1926 1499 1972 statuitque
1518 1926 1656 1963 sessione
1684 1940 1694 1960 1
1707 1939 1735 1970 3.
1756 1940 1842 1974 pon-

244 1989 329 2026 tifici
346 2000 415 2023 non
434 1996 626 2031 competere
646 1981 841 2028 hujusmodi
858 1977 1055 2027 potestatem
1072 2003 1080 2017 ‚
1106 1975 1216 2022 ipsum
1238 1976 1374 2019 quidem
1393 1975 1452 2010 esse
1472 1977 1621 2012 ecclessae
1640 1989 1758 2023 caput,
1785 1976 1841 2012 sed

245 2051 317 2074 non
335 2033 489 2072 universa
506 2033 634 2069 ecclesia
654 2031 818 2077 superius.
872 2027 989 2074 Ipsum
1010 2028 1138 2072 quippe
1157 2025 1226 2059 falli
1257 2024 1377 2069 procul
1407 2026 1513 2061 dubio
1541 2024 1652 2073 p'oss'e3
1679 2026 1772 2071 quod
1800 2026 1842 2060 de

244 2086 378 2124 ecclessa
397 2085 463 2119 dici
480 2082 546 2118 sine
564 2080 702 2128 piaculo
720 2092 787 2114 non
808 2077 922 2124 posset.
960 2077 1175 2111 Haereticam
1198 2071 1259 2107 csse
1277 2074 1397 2112 dicere,
1415 2087 1539 2122 papam
1560 2088 1627 2110 non
1644 2076 1749 2110 teneri
1761 2085 1844 2109 con.

243 2138 325 2174 cilio
342 2146 475 2182 parere,
503 2137 576 2167 turn
599 2131 773 2175 Eugenius
793 2131 851 2164 IV.
870 2138 996 2162 mutata
1014 2124 1173 2159 sententia
1190 2123 1320 2157 concilii
1340 2122 1411 2158 aila
1426 2124 1606 2169 probavit,
1647 2133 1680 2158 et
1708 2135 1743 2158 ea
1766 2135 1842 2158 om.

244 2189 299 2223 nia
318 2183 548 2222 confirmavit,
578 2192 664 2226 quae
680 2192 697 2213 a
717 2178 891 2224 principio
918 2177 1049 2210 decreta
1075 2172 1210 2208 fuerant
1229 2197 1236 2211 ‚
1274 2171 1378 2217 usque
1401 2172 1442 2206 ad
1468 2172 1642 2211 seffi‘onem
1675 2171 1843 2210 decimam

240 2236 382 2278 sextam,
409 2234 443 2269 in
463 2244 528 2278 qua
545 2230 636 2267 bulla
653 2225 906 2264 confirmatoria
923 2223 1076 2261 aElorutn
1094 2221 1217 2270 synodi
1234 2224 1441 2259 continetur.

1847 1341 1880 1350 ..,

1742 2271 1793 2308 Ex
