1982 2739
302 218 369 252 τις
502 210 574 245 DE
624 207 895 250 ANTIQVA
954 204 1237 241 ECCLESIAE
1298 205 1634 245 DISCIPLINA

403 297 574 343 Septimo,
603 309 672 331 non
691 294 908 334 Athanasius,
937 291 990 327 sed
1008 293 1058 329 illi
1075 292 1137 339 ipsi
1159 294 1252 342 Julio
1273 296 1428 329 Romano
1455 294 1617 341 episcopo
1641 293 1761 330 causae'
1776 295 1866 331 arbi-

249 352 354 385 trium
373 347 626 385 detulerunt,et
642 345 681 379 ab
703 357 741 378 eo
759 343 929 392 synodum
947 344 1136 388 petierunt,
1178 342 1346 389 rescripsit
1367 344 1498 390 Julius,
1532 343 1658 392 justum
1682 343 1743 378 esse
1771 345 1867 393 syno-

252 402 334 435 dum
352 397 444 441 fieri,
464 395 653 442 ubicumque
672 395 803 429 vellent.
856 391 1014 428 Testatur
1030 393 1069 427 id
1088 392 1284 428 Athanasius
1299 393 1424 438 Apulo.
1448 406 1477 428 2.
1498 406 1575 440 pag.
1597 405 1679 436 739.
1707 394 1870 440 Eusebia..

250 463 307 488 m,
335 448 465 492 inquit,
493 445 536 480 ad
554 446 685 486 Julittm
703 445 836 478 litteras
855 443 1031 487 misere‚et
1048 443 1095 478 ’ut
1113 455 1172 477 nos
1189 451 1374 483 terrerent,
1387 444 1549 490 synodum
1557 443 1732 490 juſjerunt
1755 456 1872 479 convo-

250 500 324 534 cari
342 507 377 533 et
396 499 438 532 ei,
446 495 476 542 si
493 496 602 535 vellet,
621 494 735 538 causae
751 491 935 527 arbitrium
952 490 1157 527 detulerunt.

401 544 551 584 Ostam,
577 541 773 578 Athanasius
791 544 935 576 Romam
954 538 1113 588 confugit
1132 553 1200 576 non
1220 539 1310 586 quasi
1330 539 1524 587 appellans,
1553 539 1609 574 sed
1632 541 1700 575 vim
1719 537 1870 576 hostium

253 607 415 633 metuens⁸

401 645 529 680 Nono,
557 639 671 686 Julius
690 650 768 673 cum
787 635 864 672 esset
885 651 905 673 a
923 638 1076 684 partibus
1097 637 1198 685 judex
1225 635 1368 677 elegius,
1391 637 1510 684 potuit
1535 636 1742 674 Eusebianos
1771 636 1813 672 ad
1837 635 1873 675 se

253 706 389 733 vocare,
417 703 450 726 et
471 687 690 724 detreffltantes
713 687 871 722 damnare
886 700 923 723 ac
940 687 1157 723 Athanasium
1179 686 1363 722 absolvere.

404 742 563 777 Decimo,
592 749 751 773 neutrum
771 748 883 771 tamen
899 735 981 772 fecit
1001 750 1061 773 nec
1077 737 1185 772 ullum
1202 737 1369 783 judicium
1392 735 1487 774 tulit,
1516 733 1572 768 sed
1595 745 1727 770 tantum
1756 734 1872 770 audita

254 792 401 841 ejusdem
435 786 608 825 Athanasii
623 787 782 833 apologia
800 784 893 821 suam
911 798 988 821 cum
1009 799 1049 822 eo
1070 788 1347 821 communionem
1364 784 1580 820 confirmavit
1609 796 1639 819 et
1659 797 1725 831 pro
1742 785 1872 831 episco-

252 855 300 890 po
318 855 393 877 eum
415 839 543 874 habuit.
596 839 677 872 Hoc
692 837 783 870 enim
803 847 910 870 unum
929 834 1027 877 fecit3
1056 837 1128 870 imo
1151 848 1219 870 non
1239 835 1328 870 solus
1346 834 1444 872 fecit,
1473 832 1527 868 sed
1554 835 1750 875 concilium,
1779 832 1872 879 quod

255 906 291 927 ea
309 892 348 926 de
365 887 461 924 causa
477 896 701 932 congregarat
720 885 761 918 ad
780 896 897 929 preces
914 883 1197 920 Eusebianorum.
1251 885 1388 920 Constat
1408 884 1442 918 id
1471 896 1509 916 ex
1541 883 1661 917 litteris
1683 883 1765 930 Julii
1784 881 1874 929 apud

253 939 489 977 Athanasium,
518 938 552 970 in
570 934 815 981 qmbuaejulius
835 946 993 968 enarrans
1007 946 1049 968 -ea
1061 935 1288 978 omnimquae
1306 946 1324 968 a
1343 932 1375 967 se
1392 932 1677 976 suoqueconcilio
1697 944 1762 979 pro
1773 932 1877 972 Athaq

254 989 344 1026 nasso
367 986 454 1034 gesta
473 983 626 1021 fuerant,
655 984 844 1017 nullatenus
863 983 946 1017 dicit
963 994 1040 1016 eum
1060 980 1123 1016 esse
1140 980 1349 1022 restitutum,
1376 980 1432 1015 sed
1455 992 1587 1016 tantum
1603 980 1765 1016 servatam
1793 992 1874 1016 cum

257 1053 296 1074 eo
317 1036 595 1073 communionem
616 1043 762 1075 eumque
777 1043 842 1075 pro
861 1030 1020 1077 episcopo
1039 1029 1212 1071 habitum,
1235 1030 1328 1074 quod
1357 1041 1416 1064 nec
1439 1031 1531 1076 Tyri
1559 1030 1735 1066 damnatus
1761 1029 1875 1066 fuisset

255 1100 316 1123 nec
337 1089 512 1122 Mareotae
529 1079 683 1128 praesens
703 1078 871 1114 adfuisset.
925 1079 1041 1114 Verba
1060 1078 1140 1113 haec
1156 1078 1225 1124 ipsa
1244 1078 1322 1114 sunt
1337 1078 1443 1126 hujus
1471 1076 1639 1123 epistolae.
1921 1113 1927 1117 ,

406 1133 623 1169 Undecimo,
657 1128 838 1165 orientales
863 1127 949 1164 falso
984 1127 1220 1175 supponentes
1248 1129 1380 1176 Julium
1412 1127 1447 1162 id
1477 1127 1661 1174 judici-um,
1691 1127 1785 1172 quod
1813 1126 1876 1173 ipsi

253 1186 346 1224 ultro
375 1182 564 1219 detulerant
590 1176 777 1225 usurpasse,
805 1177 981 1223 conquesti
995 1177 1072 1212 sunt
1089 1190 1168 1212 eum
1187 1190 1304 1213 contra
1319 1180 1461 1212 canones
1482 1187 1513 1212 et
1539 1177 1672 1223 regulas
1708 1175 1874 1224 judicasse<

412 1230 644 1267 mode-cinno,
673 1227 785 1275 Julius
798 1227 832 1260 in
853 1225 993 1271 epistola
1011 1226 1079 1262 sua,
1095 1237 1131 1260 ut
1146 1225 1276 1260 fugium
1294 1226 1392 1260 suum
1404 1225 1579 1265 adversus,
1607 1225 1878 1261 Eusebianorum

261 1279 545 1329 expostulationes
569 1274 746 1311 defendat,
773 1277 910 1318 primo,
939 1274 1023 1308 illud
1041 1284 1142 1318 urget
1167 1272 1198 1307 se
1224 1273 1349 1308 scilicet
1375 1273 1414 1307 ab
1438 1272 1519 1318 ipsis
1546 1273 1697 1320 judicem
1731 1271 1877 1310 eleEtum

259 1330 444 1374 missosque
459 1326 500 1362 ad
521 1324 552 1360 se
572 1323 613 1359 ab
632 1324 672 1358 iis
690 1323 830 1367 legatos.
882 1322 1014 1356 Deinde
1025 1334 1092 1357 non
1111 1320 1220 1362 suam,
1249 1321 1302 1356 sed
1322 1322 1460 1357 concilii
1477 1334 1495 1356 a
1515 1321 1547 1356 se
1564 1322 1605 1357 ad
1628 1322 1768 1358 illorum
1797 1335 1878 1369 pre..

258 1394 312 1417 ces
330 1376 525 1424 congregati
545 1371 643 1422 jaRat
658 1372 892 1408 autoritatem,
921 1383 980 1405 nec
1002 1371 1081 1405 dicit
1099 1370 1159 1404 sibi
1173 1369 1299 1406 licuisse
1321 1370 1454 1406 causam
1484 1372 1517 1405 in
1544 1369 1681 1419 synodo
1715 1373 1880 1407 termina.

262 1443 331 1466 tam
350 1431 473 1462 iterum
492 1422 649 1462 nuzlare,
678 1421 732 1456 sed
750 1419 871 1468 synodi
890 1418 1033 1466 alicujus
1050 1417 1122 1453 asta
1137 1418 1231 1464 posse
1259 1421 1293 1453 in
1319 1420 1381 1455 alia
1407 1420 1538 1467 synodo
1567 1422 1767 1463 examinari,
1797 1433 1877 1457 cum

260 1476 461 1528 praesertim
484 1470 682 1509 Athanasius
695 1481 815 1504 contra
833 1465 981 1502 formam
996 1467 1202 1515 judicio-rum
1229 1465 1319 1503 foret
1342 1468 1520 1504 damnatus
1541 1468 1666 1506 absens.

410 1524 554 1560 Decimo
573 1521 690 1560 tertio,
718 1516 916 1553 Athanasius
936 1530 1005 1551 non
1026 1515 1070 1551 est
1087 1529 1104 1550 a
1124 1516 1217 1563 Julio
1235 1515 1304 1552 sedi
1324 1516 1401 1552 suae
1428 1517 1612 1557 restitutus,
1641 1531 1679 1553 ut
1693 1531 1878 1565 perperam

260 1575 460 1615 censuerunt
476 1576 627 1607 Socrates
648 1580 679 1603 et
693 1570 923 1609 Sozornenu53
950 1565 1004 1601 sed
1024 1577 1061 1600 ut
1078 1578 1095 1600 a
1110 1565 1244 1600 Valesio
1261 1565 1441 1612 perspicue
1469 1567 1736 1610 demonstratur,
1751 1570 1800 1604 *in
1821 1580 1876 1610 oc-¹

259 1627 388 1663 cidente
405 1619 604 1660 Athanasius
621 1615 784 1654 subsistit,
811 1615 919 1650 donec
938 1628 956 1650 a
974 1613 1158 1651 Sat-dicensi
1176 1615 1321 1650 concilio
1340 1614 1583 1652 restitueretur.

408 1673 698 1715 Decimoquarto,
731 1664 932 1702 Sardicenfis
966 1664 1117 1715 synodus
1146 1662 1278 1700 causam
1297 1665 1467 1701 Athanasii
1493 1664 1690 1702 retrastavit
1715 1677 1755 1702 ex
1769 1666 1880 1714 impe-j

261 1735 416 1762 vatorum
432 1720 609 1767 rescripto.

409 1770 698 1815 Decimoquinto‚
735 1763 934 1801 Athanasius
963 1776 1033 1799 non
1052 1774 1229 1801 contentus
1252 1762 1570 1805 occidentalium'in
1589 1763 1772 1802 Sardicensi
1795 1774 1878 1801 cons

264 1823 342 1859 cilio
361 1822 507 1869 judicio,
535 1816 752 1854 orientalium
771 1827 909 1860 quoque
928 1814 1092 1861 judicium
1108 1813 1288 1861 postulavit
1310 1826 1340 1847 et
1357 1814 1397 1849 ab
1424 1816 1465 1850 iis
1491 1827 1563 1850 tum
1589 1813 1877 1851 subscribentibus

266 1871 425 1919 epistolae
446 1868 624 1917 synodicae
642 1865 796 1906 concilii,
823 1875 897 1900 tum
916 1862 1049 1899 seorsim
1069 1877 1133 1910 per
1145 1875 1264 1898 eorum
1282 1862 1409 1898 litteras
1429 1866 1591 1900 innocens
1611 1864 1656 1900 est
1672 1863 1878 1910 pronuncia-

265 1934 340 1962 tus3
370 1933 407 1955 ex
425 1919 550 1965 quibus
569 1916 755 1962 intelligere
772 1913 818 1949 est
838 1912 925 1949 nihil
940 1912 1038 1960 egisse
1055 1912 1288 1952 Athanasium,
1300 1925 1337 1946 ex
1357 1926 1426 1958 quo
1444 1913 1603 1950 concludi
1619 1912 1720 1960 poffit
1737 1911 1879 1959 eumiad.

267 1970 399 2019 Julium
418 1965 650 2015 appellavisse,
677 1964 763 1999 nihil
780 1961 918 1999 sanxisse
937 1963 1088 2010 Julium,
1108 1976 1146 1997 ex
1169 1974 1237 2008 quo
1264 1962 1412 2009 perspici
1438 1963 1538 2009 poffit
1562 1976 1640 1999 eum
1665 1962 1717 2010 jus
1727 1958 1880 1997 habuisse

268 2018 493 2056 retraizandae
512 2016 645 2052 causae,
673 2013 727 2049 sed
753 2013 917 2059 judicium
941 2014 974 2046 in
1002 2012 1218 2048 Athanasium
1244 2010 1349 2046 latum
1374 2013 1408 2046 in
1430 2015 1566 2048 irritum
1597 2010 1695 2048 fuisse
1720 2007 1878 2053 missum;

267 2081 347 2115 quia
365 2066 492 2102 fastum
511 2063 622 2100 fuerat
651 2062 692 2098 ab
717 2062 879 2097 extraneis
904 2073 1022 2097 contra
1042 2061 1188 2097 formam
1214 2060 1422 2108 judiciorum
1445 2074 1508 2108 per
1538 2063 1606 2097 vim
1630 2073 1662 2098 et
1695 2060 1882 2098 ambitum.

266 2130 346 2153 cum
367 2116 422 2151 ille
441 2114 555 2150 absens
572 2113 676 2153 foret,
704 2123 849 2156 cumque
869 2111 1059 2146 innocentia
1075 2111 1144 2158 ejus
1163 2109 1242 2145 esset
1266 2113 1410 2146 omnino
1436 2110 1620 2146 manifesta.
1673 2110 1781 2154 quue
1805 2120 1879 2143 non

268 2167 372 2202 solius
393 2165 477 2212 Julii
493 2190 500 2202 ‚
527 2163 583 2199 sed
602 2162 758 2198 omnium
777 2159 1039 2198 occidentalium
1055 2159 1217 2198 sententia
1234 2159 1356 2197 additis
1377 2162 1475 2199 etiam
1491 2161 1741 2211 AEgyptiorum
1757 2168 1789 2193 et
1805 2157 1878 2198 oria,

269 2215 433 2255 eutalium
453 2213 787 2261 quamplurimorum
810 2207 990 2258 suffragiis.

1700 2302 1828 2346 Eadem
