1961 2718
286 195 355 228 354
504 179 575 215 DE
602 177 878 222 ANTxQUA
903 174 1190 210 ECCLESIAE
1215 175 1556 211 DISCIPLINA

232 267 303 306 esse,
321 279 398 303 cum
419 266 510 301 enim
528 265 655 300 nnllam
675 265 775 301 aliam
794 265 915 300 habeat
932 263 1061 298 ecclelia
1078 259 1277 308 potestatem
1297 254 1552 308 praeter-illam,
1579 277 1682 310 quam
1701 277 1718 299 a
1737 263 1839 298 Chri-

231 318 280 354 sto
304 317 452 363 accepit,
481 314 605 351 necesse
634 314 679 350 est
705 328 776 350 eam
804 313 985 360 temporali
1004 324 1132 353 carcre,
1160 310 1184 346 fi
1203 311 1343 356 quidem
1364 312 1518 349 Christus
1538 313 1750 361 spiritualem
1770 325 1839 349 tan-

229 380 302 404 tum
330 369 359 402 ei
388 365 426 401 fit
454 365 608 411 largitus.
661 367 793 400 Verum
810 376 982 410 praeterea
1000 360 1152 398 Christus
1173 373 1311 397 omnem
1333 360 1476 398 omnino
1496 364 1693 410 potestatem
1710 375 1843 410 tempo-

227 417 332 452 ralem
359 416 400 451 ab
429 413 557 450 ecclelia
574 414 767 450 amandavit
788 426 819 449 et
837 413 915 449 suos
933 411 1104 448 ministros
1121 423 1192 446 tum
1211 423 1275 458 per
1293 409 1438 458 seipsum
1455 424 1527 448 tum
1546 426 1611 459 per
1628 416 1765 450 Petrum
1783 413 1843 449 do·

227 469 312 504 cuit,
340 466 466 500 nullam
485 477 542 499 eos
560 464 786 511 temporalem
803 461 1084 513 jurisdiffionem
1105 460 1247 501 habere,
1281 459 1336 496 sed
1359 461 1453 497 illam
1472 460 1532 497 esse
1549 475 1670 508 regum
1687 475 1843 498 terreno-

227 530 304 553 rum
326 516 525 562 propriam,
553 527 646 563 reges
657 517 832 562 gentium,
858 514 971 558 inquit
992 515 1098 548 Marc.
1123 524 1175 545 10.
1194 523 1224 546 v.
1243 522 1298 553 42.
1320 522 1352 546 et
1371 514 1451 548 Luc.
1471 524 1525 547 22.
1543 525 1575 547 v.
1600 525 1655 557 25·
1673 513 1843 548 dominan-

226 576 288 604 tur
313 577 441 604 eorum,
470 573 503 598 et
529 568 589 612 qui
603 567 798 610 potestatem
816 563 936 599 lzabent
946 568 1050 608 super
1069 573 1119 596 eos
1143 560 1279 603 benefici
1299 571 1478 602 vocantur,
1508 574 1565 597 vos
1582 572 1689 598 autem
1708 561 1840 608 nonfic.

229 617 325 656 Quae
342 614 530 651 admonitio
552 614 620 647 duo
639 613 745 649 docet,
764 611 917 646 eccleliae
938 610 1119 646 ministros
1174 613 1328 644 Primum
1347 611 1486 654 quidem
1497 610 1683 657 ap0st0105‚
1709 620 1844 647 eorum·

229 677 293 710 que
315 661 513 699 successores
530 663 627 697 omni
647 661 828 706 temporali
846 659 1007 707 potestate
1026 672 1056 695 et
1072 657 1310 706 jurisdistione
1328 671 1458 703 carere3
1493 660 1674 696 secundum
1694 659 1843 707 potesta.

229 727 297 749 tem
319 713 411 747 illam
432 710 662 759 spiritualem,
690 723 790 756 quam
810 711 951 747 habent,
980 722 1049 744 non
1071 708 1131 743 effe
1149 709 1295 743 dominii
1314 721 1370 743 aut
1389 710 1527 755 imperii
1544 710 1762 756 potestatem,
1783 709 1842 746 sed

228 761 497 799 mansuetudinis
517 772 547 795 et
571 761 722 795 caritatis
739 786 748 800 ,
784 761 863 802 quia
883 759 1005 793 scilicet
1025 770 1174 792 terrenae
1189 757 1362 802 potestatis
1384 758 1428 793 est
1447 760 1611 794 exteriora
1634 770 1766 794 tantum
1783 759 1843 794 ad-

226 810 434 852 ministrare,
462 809 648 856 spiritualis
672 821 756 842 vero
780 809 967 852 proprium
993 806 1038 841 est
1053 807 1252 840 interiorem
1270 807 1381 852 cordis
1401 806 1562 842 affeffmm
1585 806 1736 849 flekRere,
1757 808 1844 856 ficut

226 866 333 902 enim,
359 861 472 905 inquit
501 860 669 903 Origenes
696 859 732 891 in
753 856 844 890 hunc
863 857 976 890 locum
1000 854 1124 890 Matth.
1148 867 1199 888 12.
1219 858 1329 889 omnia
1347 858 1496 890 carnalia
1513 859 1550 891 in
1565 857 1750 904 neceffitate
1760 861 1844 902 sunt

222 912 327 961 posita
346 922 410 944 non
426 912 462 943 in
479 910 670 946 voluntate,
691 907 895 953 spiritualia
913 914 1023 940 autem
1043 908 1081 939 in
1098 905 1275 938 voluntate
1290 916 1357 938 non
1373 907 1409 938 in
1425 905 1616 952 neceffitate,
1638 906 1680 949 fic
1699 915 1732 941 et
1744 909 1843 952 prin·

225 964 332 1008 cipum
354 959 593 1005 spiritualium
616 958 835 1002 principatus
862 957 898 989 in
922 955 1100 989 dileHione
1119 952 1342 1000 subjeHorum
1370 953 1696 1001 debeteffipofitus,
1721 959 1842 991 nonin

224 1013 343 1046 timore
369 1007 552 1054 corporali.
607 1005 701 1041 Idem
723 1005 787 1039 hoc
813 1006 849 1039 in
865 1003 940 1039 loco
963 1005 1044 1038 etin
1066 1002 1140 1038 lsai.
1159 1002 1282 1038 homil.
1304 1007 1335 1038 6.
1353 1001 1524 1044 observat,
1552 1003 1725 1039 ministros
1741 1005 1846 1040 eccle·

224 1058 288 1093 fiae
315 1069 382 1091 non
410 1053 472 1090 else
497 1066 634 1090 vocatos
663 1055 704 1088 ad
730 1055 983 1101 principatum,
1009 1051 1066 1088 sed
1093 1053 1135 1087 ad
1163 1051 1359 1088 servitutem
1383 1054 1488 1088 totius
1507 1053 1674 1094 ecclesiae,
1703 1054 1792 1088 unde
1809 1065 1843 1091 et

223 1110 465 1154 Hieronymus
485 1105 622 1151 egregie
640 1103 734 1150 epist.
754 1116 784 1146 3.
807 1104 847 1138 ad
868 1106 960 1149 Nep.
980 1102 1046 1138 hoc
1065 1103 1295 1149 praecipuum
1316 1100 1496 1138 discrimen
1517 1105 1607 1138 inter
1623 1105 1789 1149 principis
1809 1115 1842 1140 et

223 1157 375 1204 episcopi
402 1154 601 1202 potestatem
628 1153 760 1194 statuit,
790 1154 876 1202 quod
904 1155 960 1188 ille
983 1152 1169 1188 nolentibus
1183 1152 1307 1198 praefit
1325 1152 1377 1186 lzic
1396 1152 1600 1189 volentibus.-
1628 1155 1687 1188 ille
1709 1161 1844 1190 terrore

218 1208 397 1255 subiiciat,
425 1207 475 1240 lzic
486 1207 655 1249 servituti
673 1203 837 1239 donetur.-
865 1204 924 1238 ille
944 1200 1083 1248 corpora
1101 1201 1260 1248 custodiat
1276 1201 1320 1236 ad
1336 1211 1491 1242 mortem,
1517 1203 1570 1237 lzic
1586 1205 1841 1248 animasset-vet

224 1257 433 1301 adsalutem.
487 1257 602 1288 Hocce
620 1255 709 1288 inter
726 1252 922 1298 potestatem
935 1250 1180 1286 ecclefiasticam
1195 1261 1228 1285 et
1247 1249 1447 1286 saecularem
1467 1250 1649 1287 discrimen
1667 1252 1786 1287 multis
1803 1253 1841 1287 in

221 1307 306 1342 locis
326 1302 429 1338 tradit
447 1300 722 1347 Chrysnstomus,
747 1303 929 1346 praecipue
947 1312 1027 1333 vero
1045 1299 1104 1332 lib.
1119 1311 1150 1334 2.
1162 1299 1202 1333 de
1219 1299 1416 1339 sacerdotio,
1433 1299 1492 1333 ubi
1509 1301 1589 1335 haec
1604 1302 1669 1341 ait,
1695 1325 1715 1341 ‚,
1728 1312 1839 1346 neque

222 1380 241 1396 ,,
253 1354 385 1389 homini
407 1362 438 1385 et
454 1351 532 1385 licet
550 1362 639 1385 tanta
658 1362 735 1383 cum
752 1349 934 1383 autoritate
954 1348 1111 1382 homines
1129 1359 1246 1381 curare
1258 1371 1266 1385 ‚
1303 1358 1381 1381 cum
1403 1359 1527 1392 quanta
1545 1347 1660 1394 pastor
1677 1361 1758 1385 oves
1777 1361 1840 1385 cu-

224 1414 317 1446 ,‚rat.
371 1400 440 1435 Hic
465 1400 554 1434 enim
579 1397 691 1445 potest
718 1409 750 1432 et
774 1399 904 1433 vincire
931 1408 962 1431 et
987 1409 1005 1431 a
1025 1394 1154 1441 pabulo
1178 1407 1311 1435 arcere,
1336 1409 1437 1430 urere
1457 1407 1488 1431 et
1507 1395 1635 1439 secare,
1665 1410 1744 1434 curn
1762 1399 1834 1434 illic

225 1452 423 1495 „medicina
449 1462 486 1484 ac
505 1450 690 1484 curationis
708 1447 934 1494 suscipiendae
951 1445 1093 1480 facultas
1111 1444 1219 1490 polita
1234 1445 1379 1479 minime
1398 1444 1437 1480 fit
1455 1447 1491 1480 in
1511 1446 1590 1487 illo,
1618 1448 1677 1492 qui
1695 1448 1837 1484 medici-

223 1530 241 1545 „
255 1515 331 1537 nam
350 1498 508 1538 adhibet,
538 1497 589 1532 sed
620 1500 652 1532 in
673 1510 712 1531 eo
733 1509 874 1533 tantum,
897 1496 955 1539 qui
970 1494 1109 1528 laborat.
1166 1496 1246 1528 Hoc
1265 1493 1357 1526 enim
1375 1494 1595 1531 admirandus
1612 1497 1669 1532 ille
1687 1499 1740 1532 vir
1758 1509 1845 1534 cum.

223 1550 476 1595 ‚,intelligeret,
505 1547 546 1582 fic
572 1547 770 1582 Corinthios
797 1545 1004 1588 alloquitur,
1033 1555 1101 1577 non
1121 1542 1214 1586 quod
1233 1542 1456 1578 dominemur
1475 1543 1569 1578 vobis
1589 1547 1728 1580 nomine
1746 1545 1836 1588 fidei,

224 1629 243 1643 „
256 1600 313 1636 sed
332 1599 506 1645 adjutores
523 1596 638 1630 sumus
656 1595 771 1640 gaudii
788 1593 904 1636 vestri3
933 1590 1119 1627 christianis
1138 1593 1227 1626 enim
1245 1590 1387 1627 minime
1405 1592 1482 1628 licet
1497 1595 1710 1639 peccantium
1722 1593 1838 1640 lapsus

232 1676 238 1687 ,
254 1650 442 1693 corrigere,
470 1648 573 1680 exteri
591 1645 728 1691 quidem
750 1644 877 1690 ‘judices
897 1655 974 1677 cum
995 1639 1208 1676 facinorosos
1225 1641 1380 1676 homines
1401 1642 1489 1688 leges
1506 1643 1724 1690 transgreffos
1741 1643 1839 1680 fuisse

221 1696 572 1746 „deprehenderunu
600 1708 720 1740 magna
748 1692 779 1728 se
805 1692 977 1739 praeditos
1003 1690 1204 1726 auetoritate
1222 1703 1259 1725 ac
1277 1689 1438 1736 potestate
1458 1691 1653 1734 ostendunt,
1683 1695 1838 1730 eosdem·

221 1763 315 1794 „que
341 1747 390 1781 vel
412 1747 536 1780 invitos
563 1743 641 1780 suos
668 1744 822 1790 ipsorum
851 1754 961 1777 mores
989 1752 1122 1776 mutare
1146 1751 1283 1785 cogunt.
1337 1742 1407 1775 Hic
1424 1754 1506 1777 vero
1527 1755 1597 1777 non
1615 1745 1684 1778 vim
1701 1743 1854 1782 afferres

220 1799 304 1842 „sed
335 1796 475 1832 suadere
500 1807 631 1830 tantum
660 1805 798 1840 oportet
823 1805 924 1836 atque
947 1792 1007 1826 hac
1025 1791 1152 1825 ratione
1170 1789 1346 1824 meliorem
1367 1789 1514 1829 efficere,
1542 1792 1833 1837 quemadmodum

220 1875 240 1889 ,‚
251 1847 454 1892 susceperis,
483 1858 591 1890 neque
620 1845 710 1878 enim
737 1842 834 1877 nobis
860 1840 1002 1876 facultas
1021 1839 1132 1876 nostra
1155 1853 1172 1875 a
1188 1838 1318 1884 legibus
1339 1839 1413 1875 data
1433 1841 1471 1875 ad
1492 1841 1722 1885 delinquentes
1740 1854 1835 1878 coer-

221 1898 392 1940 „eend0s‚
419 1907 454 1929 ac
482 1907 523 1928 ne
551 1894 572 1928 fi
602 1892 764 1928 dedillcnt
791 1892 948 1937 quidem,
978 1890 1197 1928 haberemus,
1227 1887 1283 1922 ubi
1303 1890 1371 1923 vim
1389 1889 1559 1936 §jusmodi
1577 1893 1836 1937 potentiamque

222 1957 404 1989 „exercere
430 1943 616 1990 pollemus,
642 1956 720 1977 cum
746 1940 898 1977 Christus
928 1953 985 1974 eos
1010 1951 1145 1974 aeterna
1166 1950 1291 1973 corona
1313 1938 1434 1979 donet,
1463 1952 1531 1974 non
1549 1944 1607 1985 qui
1627 1940 1750 1982 coasti,
1776 1940 1833 1977 sed

221 2009 342 2039 „certo
361 1995 491 2035 animae
506 1992 713 2038 propositoa
726 2001 865 2037 peccato
885 1988 1057 2023 abstinent.
1069 2013 1089 2026 „
1140 1987 1234 2022 Idem
1250 1987 1514 2034 Chrysostomus
1535 1990 1608 2024 aliis
1627 1992 1660 2025 in
1683 1991 1765 2026 locis
1779 1990 1834 2026 in-

218 2047 334 2085 culcat,
363 2054 449 2078 onus
465 2042 704 2087 episcoporum
721 2041 830 2087 majus
849 2037 919 2073 esse*
933 2051 1034 2083 quam
1052 2042 1233 2084 parentum
1253 2050 1283 2070 et
1302 2037 1464 2083 judicum,
1496 2040 1574 2084 quia
1593 2038 1715 2077 scilicet
1732 2051 1833 2087 pote-

220 2095 335 2132 statem
354 2105 422 2128 non
441 2090 564 2126 habent
583 2089 727 2135 cogendi
741 2101 799 2124 aut
820 2089 995 2124 coercendi
1017 2101 1082 2124 eos,
1101 2087 1159 2131 qui
1177 2085 1250 2121 suae
1268 2099 1365 2121 curae
1383 2087 1548 2123 commiffi
1568 2088 1655 2125 sunt,
1694 2089 1831 2125 Homil„

224 2161 250 2180 ι.
281 2146 313 2179 in
339 2142 432 2189 epist.
460 2140 500 2174 ad
517 2142 588 2176 Tit⁴
608 2143 714 2175 Hom.
738 2151 765 2183 3.
786 2140 819 2173 in
840 2139 927 2177 aeia,
958 2137 1114 2173 Homilia
1137 2148 1187 2170 ιο.
1208 2137 1242 2170 in
1260 2150 1310 2181 ep.
1335 2149 1361 2172 1.
1384 2138 1426 2171 ad
1447 2136 1565 2174 Thess.
1618 2139 1680 2174 Sed
1698 2140 1731 2174 in
1750 2138 1831 2174 isto-

219 2208 293 2232 rum
313 2193 477 2241 potestate
498 2189 543 2225 est
562 2190 701 2225 obedire
718 2190 769 2224 vel
789 2202 874 2225 non:
904 2190 943 2225 ln
958 2185 1185 2236 principibus,
1212 2187 1352 2231 inquire
1372 2196 1480 2222 movet
1500 2197 1623 2226 metus,
1650 2191 1687 2224 in
1706 2190 1755 2225 liis
1774 2200 1832 2224 ve.-

219 2259 255 2279 νη
278 2252 490 2292 nequaquam.
540 2239 648 2276 Addit
674 2253 755 2276 vero
778 2240 844 2276 alio
870 2240 907 2274 in
933 2239 1023 2275 loco:
1049 2235 1177 2274 Idcirco
1201 2239 1302 2274 etiam
1327 2237 1593 2275 excellentiorem
1613 2239 1676 2286 effe
1688 2238 1849 2286 potesta-ff„

1714 2298 1779 2325 tem
