1982 2739
288 209 357 247 268
508 202 579 239 DE
602 199 875 243 ANTIQVA
901 194 1183 232 ECCLESIAE
1244 192 1573 230 DISCIPLINA

236 297 318 344 jure
341 292 459 328 divino
483 293 648 338 episcopus
664 289 832 324 Romanus
852 298 917 321 non
941 284 981 324 lit
991 282 1150 329 finceffor
1167 283 1280 323 Petri,
1302 280 1365 327 sed
1377 280 1472 330 poffit
1490 283 1574 331 eligi
1588 282 1624 317 in
1636 276 1850 328 succefforem

243 346 342 381 Petri
361 343 524 390 episcopus
540 338 741 386 Partfienfis,
768 345 826 371 aut
841 334 982 384 quilibet
1001 335 1097 369 alius.

397 393 445 426 Ut
461 391 540 424 huic
567 387 791 434 respondeas,
843 386 913 419 duo
939 382 1017 418 sunt
1052 379 1286 427 distinguenda
1314 391 1391 414 cum
1421 378 1647 421 Bellarmino;
1697 375 1854 414 succeffio

243 442 390 480 Romani
407 438 595 486 pontificis,
649 449 680 471 et
700 437 785 471 ratio
811 432 1038 469 succeffionis:
1091 429 1245 466 successio
1267 428 1311 463 est
1337 442 1373 463 ex
1393 427 1518 463 Christi
1544 428 1719 466 instituto,
1768 428 1858 462 ratio

245 489 449 527 succeffionis
479 501 547 524 non
574 488 671 527 item,
713 487 791 530 quia
819 483 943 518 scilicet
969 494 1006 517 ex
1033 480 1185 516 instituto
1213 477 1338 514 Christi
1366 477 1410 512 est
1437 477 1581 522 aliquem
1618 476 1678 511 effe
1704 475 1857 523 primum

247 543 285 576 in
304 539 446 579 ecclelia,
497 549 530 573 at
547 541 717 572 Romanae
733 534 827 569 urbis
845 531 1045 579 episcopum
1061 528 1122 565 esse
1139 529 1310 576 primum,
1338 540 1408 563 non
1433 526 1478 561 est
1496 539 1534 561 ex
1551 525 1702 561 instituto
1722 524 1861 563 Christi,

250 590 304 626 ied
333 602 370 624 ex
396 585 488 623 fusto
515 587 605 622 Petri
631 596 663 620 et
688 582 835 619 ecclesiae
861 580 1091 621 consensione,
1117 578 1199 614 ficut
1227 576 1408 624 episcopos
1437 574 1500 610 effe
1526 577 1560 610 in
1587 574 1719 610 ecclelia
1745 572 1792 609 est
1820 586 1859 608 ex

251 640 331 688 jure
365 638 482 672 divino
509 647 539 670 et
566 633 719 670 instituto
748 630 890 672 Christi3
937 642 1057 665 verum
1085 630 1160 664 licet
1189 640 1256 662 non
1285 627 1321 662 sit
1349 627 1389 660 de
1415 625 1495 673 jure
1521 626 1638 660 divino
1665 627 1860 658 Romanum

251 686 470 736 pontificem,
497 697 563 730 qua
589 687 762 720 Romanus
789 680 843 721 est,
897 678 958 714 ess'e
983 680 1155 727 primum,
1183 677 1225 712 de
1249 677 1325 724 jure
1353 675 1471 710 divino
1499 674 1560 715 est,
1604 686 1681 708 eum
1709 673 1769 708 else
1794 674 1864 718 pri·

241 750 369 777 ntum,
423 747 587 780 quatenus
615 732 761 768 succedit
788 733 907 771 Petro·⁷
942 740 979 763 ut
1007 729 1096 763 enim
1124 727 1255 762 dicatur
1281 725 1359 774 jure
1388 725 1504 759 divino
1531 725 1682 770 primus,
1719 720 1861 762 sufficit,

253 798 293 822 ut
316 785 478 821 habeatur
502 781 665 818 successor
690 780 800 820 Petri,
845 790 922 812 curn
942 776 1013 822 ipsa
1030 775 1173 811 succelio
1193 776 1226 808 in
1255 776 1407 820 piimatu
1427 773 1499 808 divi
1517 775 1607 808 Petri
1641 773 1866 815 (cuicumque

255 836 393 871 tandem
413 833 574 880 episcopo
591 839 780 875 competat,
807 826 846 861 sit
863 827 903 860 de
921 827 996 872 jure
1018 825 1137 858 divino
1152 848 1160 863 ,
1187 833 1310 868 utpote
1330 834 1405 856 cum
1426 823 1461 855 in
1481 821 1614 856 ecclelia
1640 819 1757 854 debeat
1777 819 1865 854 sem-

257 898 322 932 per
347 885 468 928 aliquis
498 881 583 915 ordo
607 878 751 917 servari,
780 887 816 910 ut
837 887 855 909 a
876 873 1011 908 Christo
1038 872 1228 906 institutum
1251 870 1309 905 est:
1339 871 1447 915 igitur
1475 869 1552 905 dato
1578 868 1672 914 quod
1692 871 1867 903 Romanus

256 931 415 982 pontifex
432 930 470 966 fit
487 941 576 964 nunc
596 926 768 970 fueritque
785 924 918 969 semper
938 922 1071 957 habitus
1090 932 1128 955 ut
1145 918 1308 955 successor
1326 920 1415 954 Petri
1438 918 1472 952 in
1493 920 1664 965 primatu,
1693 930 1794 953 nemo
1812 930 1867 953 ne-

259 995 338 1029 gare
358 981 453 1016 debet
472 979 536 1013 dici
556 975 648 1023 posse
664 975 777 1021 ipsum
795 974 869 1020 jure
886 972 1002 1007 divino
1022 972 1209 1017 primatum
1229 969 1368 1009 habere,
1396 979 1427 1003 et
1446 968 1522 1003 licet
1546 979 1725 1014 negaretur
1743 969 1868 1002 Roma-

260 1044 344 1066 num
363 1027 558 1076 pontificem
571 1029 667 1061 Petro
681 1027 715 1058 in
726 1021 926 1070 episcopatu
944 1020 1131 1060 succedere,
1144 1020 1262 1065 negari
1280 1030 1392 1053 tamen
1412 1030 1481 1052 non
1498 1016 1607 1064 posset
1624 1015 1868 1052 eumsuccede-

258 1093 298 1117 re
316 1081 349 1114 in
368 1081 537 1126 primatu,
565 1087 600 1111 ut
625 1085 719 1109 antea
730 1072 916 1120 probatum
939 1069 993 1105 est.
1030 1073 1138 1106 Porro
1163 1068 1187 1103 fi
1211 1080 1367 1112 quaer-³⁵,
1402 1079 1463 1102 cur
1486 1065 1696 1113 potiffimum
1716 1069 1868 1102 Romana

267 1128 401 1165 ecclesia
416 1127 454 1162 fit
471 1124 582 1166 elessa,
592 1137 677 1170 quae
695 1125 884 1170 primatum
903 1120 1081 1160 obtineret,
1107 1118 1306 1164 responderi
1325 1116 1435 1163 potest
1454 1116 1490 1151 id
1509 1114 1871 1161 faetumquiaRoma-

261 1191 306 1214 na
327 1179 408 1214 urbs
425 1188 495 1212 erat
513 1177 642 1223 prima,
668 1186 728 1208 nec
744 1172 806 1207 alia
824 1170 1068 1216 congruentior
1086 1169 1171 1203 ratio
1191 1167 1327 1204 videtur
1345 1167 1443 1203 reddi
1462 1165 1567 1213 posse.
1784 1203 1787 1205 ,

410 1229 542 1261 Verum
560 1236 597 1259 ut
615 1223 778 1270 majorem
798 1222 851 1256 his
868 1220 975 1255 lucem
992 1217 1205 1255 adferamus,
1232 1215 1465 1262 distinguenda
1482 1214 1559 1250 sunt
1574 1214 1675 1260 plura
1696 1215 1730 1247 in
1743 1215 1867 1248 Roma.

262 1289 307 1312 no
325 1274 499 1322 pontifice.
537 1275 674 1308 Primo.
717 1270 812 1314 quod
836 1268 873 1302 fit
898 1269 1032 1313 primus
1056 1265 1310 1311 episcoporum.
1363 1264 1537 1303 Secundo,
1567 1262 1662 1307 quod
1685 1260 1723 1296 fit
1742 1274 1867 1297 metra⁶

263 1326 436 1372 politanus
457 1334 489 1357 et
505 1320 708 1368 patriarcha.
760 1318 897 1355 Tertio,
915 1315 1007 1359 quod
1027 1315 1153 1358 aliquas
1174 1313 1275 1347 habet
1294 1313 1556 1358 praerogativas,
1583 1311 1696 1356 aliqua
1713 1311 1788 1358 jura
1807 1310 1869 1346 fibi

264 1373 483 1421 peculiariter
502 1367 659 1406 concessa.
714 1370 856 1410 Quarto,
875 1363 967 1408 quod
985 1360 1307 1408 habeatpotestatem
1326 1360 1548 1407 temporalem
1567 1361 1601 1394 in
1621 1361 1868 1406 patrimonium

265 1420 369 1458 ianffi
390 1423 490 1458 Petri.
545 1421 699 1455 Primum
716 1416 832 1456 habet,
859 1425 896 1448 ut
913 1414 978 1461 jam
998 1413 1156 1452 diximus,
1185 1410 1382 1456 praesertim
1400 1423 1438 1445 ex
1459 1408 1613 1445 instituto
1631 1409 1768 1445 christi.
1811 1412 1865 1445 Se-

266 1472 414 1507 cundum
433 1482 464 1505 et
491 1469 627 1504 tertium
647 1466 744 1501 habet
768 1478 805 1499 ex
831 1462 1077 1498 consuetudine
1103 1471 1135 1494 et
1156 1459 1342 1494 canonibus
1367 1459 1412 1494 ob
1430 1459 1523 1494 urbis
1542 1471 1572 1494 et
1589 1458 1740 1494 ecclesiae
1758 1458 1868 1506 digni-

266 1532 377 1557 tatem.
440 1522 607 1562 Quartum
633 1518 756 1563 partim
778 1526 816 1547 ex
842 1511 1025 1547 donatione
1041 1510 1157 1554 Pipini
1179 1519 1211 1542 et
1228 1507 1342 1542 Caroli
1360 1509 1501 1552 Magni,
1528 1510 1655 1554 partim
1679 1507 1761 1556 jure
1784 1521 1866 1554 geta.

267 1573 351 1606 tium
367 1581 396 1604 et
414 1565 691 1614 praescriptionis
709 1575 805 1598 more
823 1561 967 1596 aliorum
986 1559 1184 1604 principum
1205 1557 1438 1602 politicorum.
1491 1559 1540 1591 Ita
1567 1559 1697 1602 optime
1714 1557 1867 1592 Valenti.

268 1620 433 1654 nianusin
453 1618 592 1656 novella,
621 1626 722 1659 quam
742 1611 900 1648 obtinuit.
954 1611 984 1643 S.
1004 1611 1072 1642 Leo
1089 1604 1286 1652 potestatem
1304 1606 1452 1652 episcopi
1468 1607 1615 1641 Romani
1641 1618 1658 1640 a
1675 1607 1799 1652 triplici
1816 1619 1869 1641 ca-

269 1671 340 1716 pite
359 1669 492 1714 repetit,
519 1680 535 1700 a
554 1665 641 1701 Petri
658 1663 802 1701 merito,
823 1672 840 1694 a
855 1658 1018 1704 dignitate
1043 1656 1127 1691 sedis
1147 1659 1333 1696 Romanae,
1365 1667 1397 1689 et
1416 1668 1433 1689 a
1451 1653 1660 1703 synodorum
1680 1656 1870 1692 autoritate.

270 1721 323 1754 Sic
339 1718 436 1752 etiam
454 1715 678 1752 conciliantur
697 1712 840 1747 invicem
862 1705 948 1744 dissa
965 1718 1100 1753 patrum
1121 1717 1151 1740 et
1171 1704 1374 1751 pontificum
1387 1730 1396 1746 ‚
1424 1716 1572 1749 quorum
1599 1703 1653 1738 alii
1679 1705 1869 1750 primatum

266 1768 366 1803 suum
387 1778 418 1801 et
436 1764 689 1812 praerogativas
707 1769 863 1807 repetunt
878 1771 896 1792 a
917 1754 1040 1792 Christi
1056 1755 1227 1792 instituto,
1255 1755 1309 1789 alii
1331 1767 1348 1789 a
1364 1753 1662 1789 constitutionibus
1680 1764 1710 1788 et
1728 1753 1869 1790 decretis

269 1817 502 1863 synodorum,
531 1814 587 1848 alii
605 1812 645 1848 ab
664 1811 726 1846 usu
746 1823 776 1845 et
795 1806 1047 1843 consuetudine.
1100 1804 1279 1840 Conciliari
1298 1806 1377 1838 item
1402 1802 1511 1850 potest
1526 1815 1587 1850 per
1603 1815 1651 1844 ea,
1670 1814 1752 1847 quae
1769 1804 1870 1840 tradi-

271 1867 618 1906 dimus,Graecorum
636 1860 794 1896 sententia
812 1870 888 1893 cum
909 1855 1028 1890 nostra.
1081 1855 1237 1898 Denique
1264 1852 1332 1887 istis
1352 1855 1415 1888 rite
1433 1852 1603 1899 explicatis
1622 1863 1659 1886 ac
1682 1853 1870 1899 perpensis,

267 1913 403 1951 facilior
424 1913 584 1949 reddetur
601 1909 888 1946 heterodoxorum
906 1905 1035 1941 reditus
1061 1904 1102 1939 ad
1122 1902 1297 1938 ecclesiam.

422 1967 469 1999 Ex
485 1963 550 1998 hoc
567 1958 865 2008 primatuRomani
884 1952 1058 2001 pontificis
1076 1952 1186 1989 fluunt
1201 1952 1326 1987 multae
1341 1952 1607 1998 praerogativae,
1617 1963 1703 1996 quae
1719 1950 1784 1998 ipfi.
1798 1964 1870 1988 non

271 2013 364 2050 secus
383 2024 420 2047 ac
436 2012 600 2058 primatui
613 2010 692 2058 jure
712 2008 828 2043 divino
847 2015 1056 2050 competunt.

425 2063 538 2096 Prima
559 2072 660 2104 eaque
682 2056 850 2105 potissima
876 2053 930 2095 est,
949 2066 1062 2089 curam
1085 2050 1218 2089 habere,
1235 2060 1271 2083 ut
1286 2061 1348 2095 per
1374 2048 1567 2084 universum
1588 2049 1705 2085 orbem
1725 2060 1869 2084 canones

273 2110 516 2149 observentur,
544 2120 649 2153 utque
667 2108 748 2142 fidcs
767 2105 893 2140 illibata
914 2102 1130 2138 custodiatur.
1182 2103 1297 2142 Atque
1315 2098 1357 2133 ob
1383 2099 1418 2134 id
1450 2099 1645 2145 potestatem
1671 2098 1791 2134 habere
1816 2099 1868 2133 uti

271 2163 395 2209 poenis
418 2157 637 2195 ecclesiasticis
654 2170 715 2204 per
733 2154 824 2202 ipsos
841 2164 984 2189 canones
1002 2151 1141 2187 statutis,
1151 2159 1182 2183 et
1198 2147 1404 2192 refragantes
1425 2149 1466 2183 nd
1483 2148 1519 2182 id
1537 2148 1747 2193 compellere⁴
1787 2149 1868 2182 Hoc

272 2223 383 2247 autem
398 2209 622 2257 privilegium
644 2207 741 2242 habet
764 2209 934 2241 Romanus
958 2198 1110 2248 pontifex
1131 2198 1202 2245 jure
1229 2198 1396 2243 primatus
1421 2197 1482 2232 sui.
1536 2199 1628 2232 Nam
1651 2197 1708 2241 qui
1733 2197 1867 2242 primus

274 2261 318 2295 est
336 2262 369 2294 iu
388 2260 497 2305 aliqua
514 2257 687 2294 societate,
725 2257 752 2290 is
771 2255 844 2301 lege
863 2251 1009 2287 naturali
1036 2260 1168 2284 tenetur
1194 2246 1381 2292 invigilare,
1401 2258 1437 2281 ut
1454 2246 1542 2290 leges
1569 2244 1731 2280 societatis
1753 2244 1870 2281 obser.

272 2321 412 2353 ventur,
437 2319 539 2356 atque
556 2318 592 2344 ut
607 2307 642 2343 id
658 2316 839 2355 procuret,
862 2300 1038 2342 necessaria
1050 2298 1229 2338 autoritate
1247 2295 1344 2335 debet
1364 2293 1426 2335 effe
1443 2292 1637 2342 instrufihts.
1671 2295 1767 2332 Hinc
1781 2292 1881 2340 sum2⁸

1769 2354 1826 2381 m
