2022 2733
297 192 816 235 nlsSER-TATIONES,
835 192 1213 231 HkSTORICAE.
1241 196 1399 233 niam.
1428 199 1517 235 νη·
1595 209 1672 247 399

96 280 363 328 temporalibus,
389 280 558 327 rebusque
574 279 650 329 jure
667 279 786 317 divino
810 291 843 317 et
867 280 1012 318 naturali
1036 282 1176 330 debitis,
1203 283 1286 320 ficut
1310 283 1425 332 potest
1447 298 1528 322 oves
1560 285 1715 333 pascere,
1730 278 1739 282 ”

93 330 152 368 sed
170 330 343 379 spirituali
359 342 491 367 tantum
514 329 663 378 pabule,
690 330 757 366 hoc
783 331 847 370 est,
873 331 981 369 verbo
996 334 1062 369 Dei
1087 345 1119 370 et
1145 333 1387 371 sacramentis:
1415 347 1627 383 quapropter
1653 336 1715 373 hu·

88 381 144 430 jus
159 382 353 428 argumenti
377 392 522 427 negatur
549 392 685 427 tantum
718 380 1093 428 postrema-conclufio
1110 409 1120 422 ,
1155 392 1190 421 et
1212 386 1360 432 proinde
1379 389 1521 433 privari
1550 386 1716 429 dominio,

90 431 180 480 quod
198 430 298 467 habet
314 435 352 468 in
365 430 509 477 fideles3
537 443 617 467 nam
633 430 714 475 licet
727 432 889 479 pontifex
906 431 1008 480 possit
1031 434 1227 481 principem
1253 435 1458 472 haereticum
1482 437 1716 472 exeommuni-

86 482 222 517 cadone
237 479 407 528 pleaerej,
431 480 511 526 licet
529 480 633 528 poffit
649 482 823 527 populum
852 482 1058 525 admonere,
1083 485 1158 519 imo
1185 495 1217 519 et
1244 485 1273 519 ei
1300 484 1418 532 jubere
1436 510 1445 527 ,
1481 498 1522 520 ne
1553 484 1716 521 haeresim

85 532 176 577 regis
196 530 375 577 sequatur,
400 544 470 566 non
485 530 599 578 potest
615 542 726 566 tamen
743 543 859 576 regem
878 534 1018 578 privare
1036 545 1162 578 regno,
1188 545 1244 569 aut
1266 534 1385 581 jubere
1407 535 1560 581 populo,
1588 547 1632 569 ne
1651 532 1717 580 ipsi

85 581 122 616 in
137 580 239 616 rebus
255 581 505 628 temporalibus
528 590 655 626 pareat.
708 581 809 614 Hanc
830 592 922 615 certe
951 579 1150 627 potestatem
1174 582 1331 627 pascendi
1355 596 1425 619 non
1451 585 1592 629 agnovit
1619 584 1654 618 in
1681 583 1718 619 se

84 632 228 673 Petrus„
256 632 316 676 qui
332 631 471 673 Neroni
488 628 694 673 christianos,
707 627 854 664 obedire
868 627 973 676 juffit,
1001 642 1062 666 nec
1078 642 1294 676 agnoverunt
1310 632 1382 678 ejus
1407 632 1627 671 successores,
1654 634 1715 678 qui

84 680 303 727 principibus
328 677 524 720 infidelibus
547 689 579 722 et
595 678 774 721 haereticis
788 678 1024 723 <obedientiam
1046 679 1078 715 se
1096 679 1218 716 debere
1243 680 1421 727 protestati
1445 681 1543 726 sunt;
1571 696 1639 718 non
1659 696 1715 728 ag·

84 731 183 771 novit
203 730 357 774 deni-que
382 728 539 767 universa
561 727 717 773 ecclelia,
753 742 842 774 quae
865 729 1076 775 yerba3haec
1092 755 1104 771 ‚
1118 732 1224 778 pasce
1249 743 1324 767 oves
1348 743 1452 774 meas,
1481 732 1521 768 de
1544 731 1715 779 spirituali

84 777 423 826 tantumsspotestate,
457 790 543 823 quae
559 777 747 825 spiritualia
764 777 835 814 sola
857 778 1036 825 respiciat,
1062 780 1238 817 intellexit.
1289 782 1418 824 Mitto,
1444 782 1539 829 quod
1555 782 1641 818 istud
1659 795 1714 818 ar-

84 841 307 876 gumentum,
333 827 415 864 ficut
433 839 465 864 et
482 827 545 862 alia
564 828 698 866 omnia,
724 840 796 863 non
822 830 934 874 magis
986 828 1111 865 robant
1134 828 1293 876 pontifici
1324 834 1482 870 Romano
1514 831 1715 880 potestatem

84 878 147 914 else
167 878 462 964 deponendofium,
473 889 618 926 regum,
643 889 748 925 quam
767 879 875 916 cuivis
890 841 1076 929 epissopo,
1103 880 1200 927 quod
1217 893 1238 916 a
1254 879 1454 919 Benarmini
1470 882 1609 931 placitis
1631 881 1714 918 alie·

85 940 170 965 num
185 939 332 965 maxime
354 940 372 964 e
401 955 412 967 .
843 938 850 946 “

814 1096 844 1140 §-
866 1067 869 1070 .
893 1099 947 1135 11
965 1100 1008 1145 1„

173 1201 413 1254 Respondetur
434 1201 631 1243 rationibus
653 1202 700 1243 ab
725 1203 905 1254 exemptis,
922 1205 994 1259 five
1019 1218 1043 1244 a
1059 1203 1173 1256 sadis
1195 1204 1247 1244 ad
1259 1205 1325 1256 jus
1347 1204 1625 1246 concludentibus.

181 1325 238 1350 nte
258 1312 380 1350 omnia
397 1310 659 1362 obseruandum,
673 1315 742 1357 est,
767 1315 940 1361 theologis
965 1317 1130 1352 omnibus
1153 1316 1353 1364 persuasum
1376 1317 1512 1364 semper
1534 1317 1635 1355 fuiss'e
1652 1344 1662 1361 ,
1689 1331 1711 1355 ο

114 1402 119 1406 .
204 1361 300 1411 fasso
316 1363 360 1398 ad
374 1363 428 1411 jus
450 1366 540 1403 raros
551 1363 642 1399 reae
656 1364 833 1406 concludi,
860 1377 939 1400 cum
958 1365 1143 1412 singularia
1160 1364 1250 1402 fasta
1266 1365 1339 1401 fine
1365 1368 1484 1414 regula
1501 1394 1510 1410 ,
1536 1368 1606 1404 fine
1630 1369 1710 1415 lege

80 1413 294 1462 praecedenti
310 1412 364 1461 jus
379 1409 649 1462 facere-minime
664 1411 802 1461 poffint.
853 1417 957 1451 Unus
977 1415 1023 1450 est
1041 1413 1197 1452 Christus
1209 1441 1221 1458 ,
1245 1416 1343 1463 cujus
1360 1415 1431 1453 asta
1454 1417 1600 1455 totidem
1628 1418 1711 1454 sunt

82 1459 304 1505 documenta,
331 1473 366 1497 et
383 1462 481 1510 cujus
504 1463 657 1510 exempla
671 1464 800 1499 imitari
818 1476 888 1499 non
908 1476 1041 1500 tantum
1065 1464 1263 1512 possumus,
1291 1465 1348 1501 sed
1375 1478 1407 1503 et
1432 1467 1608 1505 debemus.
1660 1471 1708 1505 Ar

81 1525 248 1560 quantum
266 1511 310 1548 ad
327 1512 410 1547 alios
421 1537 429 1553 ,
459 1512 520 1557 qui
536 1512 574 1546 in
591 1513 748 1548 cathedra
767 1513 900 1560 Moysis
917 1514 1054 1552 sedent,
1079 1517 1215 1551 monuit
1231 1515 1322 1552 idem
1338 1517 1493 1554 Christus
1503 1518 1630 1555 Matth.
1646 1530 1706 1564 23-

81 1559 181 1608 Quae
198 1563 329 1602 dicunt,
347 1564 477 1607 facite,
502 1570 540 1596 at
550 1561 734 1606 secundum
746 1563 850 1608 faHa
863 1574 977 1599 eorum
995 1576 1036 1599 ne
1049 1566 1209 1610 faciatis.
1235 1568 1347 1602 Porro
1363 1566 1390 1602 fi
1410 1568 1566 1614 exempla
1583 1580 1615 1604 et
1632 1568 1707 1604 fac·

78 1614 165 1656 tanin
183 1624 308 1658 genere
323 1610 367 1650 ad
383 1610 439 1659 jus
456 1608 731 1646 constituendum
749 1622 830 1646 raro
847 1613 920 1647 vim
943 1612 1090 1654 habent,
1124 1613 1254 1649 nullius
1281 1627 1371 1651 certe
1392 1614 1471 1652 sunt
1493 1616 1707 1654 austeritatis

76 1674 138 1700 aut
155 1660 344 1710 ponderis,
371 1658 511 1706 quando
529 1672 569 1696 ea
583 1671 716 1696 tantum
734 1658 813 1696 sunt
829 1660 920 1696 illius
940 1663 1062 1707 partis,
1077 1662 1172 1710 cujus
1186 1662 1325 1699 interest
1339 1665 1392 1712 jus
1410 1666 1553 1712 aliquod
1585 1666 1706 1703 consti·

80 1714 152 1755 nri3
177 1711 380 1748 reclamante
398 1709 522 1751 altera,
547 1710 644 1758 cujus
660 1708 818 1748 interest,
844 1723 915 1745 non
931 1709 1104 1746 constitui.
1155 1714 1208 1748 Ut
1231 1714 1321 1748 enim
1346 1715 1474 1760 aliquis
1495 1717 1592 1763 longi
1617 1728 1705 1752 tem.-

77 1757 186 1809 poris'
204 1758 405 1807 poffeffione
430 1759 488 1807 jus
511 1758 654 1805 aliquod
672 1759 735 1795 usu
751 1761 880 1807 capiat,
907 1759 1033 1796 necesse
1059 1760 1125 1802 est,
1152 1772 1191 1797 ut
1216 1761 1257 1798 (it
1277 1762 1445 1809 poffeffor
1467 1765 1578 1802 bonae
1601 1765 1706 1805 fideii

78 1812 155 1856 talis
173 1822 289 1847 autem
308 1808 370 1845 effe
388 1821 460 1844 non
477 1807 609 1856 potest,
634 1809 696 1845 nisi
715 1811 776 1855 qui
802 1809 863 1846 sub
885 1810 1002 1856 aliquo
1018 1810 1123 1846 titulo
1138 1836 1149 1852 ,
1174 1810 1243 1847 {ive
1266 1824 1370 1854 vero,
1406 1814 1474 1851 five
1502 1817 1703 1862 apparenti,

78 1862 266 1900 et.nernine
282 1859 484 1895 reclamante
497 1857 663 1906 poffidet:
687 1871 848 1896 neutrum
864 1871 977 1895 autem
993 1861 1029 1895 in
1046 1859 1214 1907 praesenti
1240 1862 1381 1909 negotio
1407 1866 1599 1912 contingit·,
1623 1878 1704 1902 nam

77 1909 260 1960 pontifices
276 1910 425 1945 Romani
443 1922 461 1944 a
477 1910 657 1955 Gregorio
673 1909 842 1956 septimo,
867 1908 940 1945 fine
952 1909 1024 1945 ullo
1042 1910 1163 1952 titulo,
1187 1910 1255 1947 five
1276 1924 1380 1952 vero,
1404 1914 1472 1950 five
1497 1917 1703 1962 apparenti,

78 1973 176 2007 reges
196 1959 374 2006 deponere
388 1960 500 1995 conati
515 1958 594 1994 sunt
605 1985 616 2001 ,
640 1971 675 1995 et
688 1960 868 1995 sententias
884 1961 921 1994 in
933 1972 993 1995 eos
1009 1960 1181 2004 tulerunt3
1208 1973 1242 1996 at
1258 1960 1395 2008 semper
1404 1963 1627 2004 reclamatum
1644 1963 1703 2005 est,

77 2023 153 2049 tum
169 2009 211 2046 ab
232 2008 314 2056 ipsis
333 2008 490 2055 regibus,
518 2020 595 2045 tum
609 2008 651 2044 ab
670 2022 792 2046 eorum
812 2008 978 2048 subditis,
1003 2021 1079 2046 tum
1093 2010 1243 2056 denique
1263 2024 1282 2047 a
1306 2013 1393 2047 viris
1418 2012 1593 2056 doarium,
1621 2027 1703 2050 eru·-

79 2061 214 2103 ditione
231 2070 266 2095 et
282 2060 411 2106 pietate
425 2057 686 2105 praestantibus
735 2063 848 2105 Atque
864 2059 944 2095 ideo
958 2061 1112 2107 exempla
1128 2073 1147 2095 a
1164 2061 1375 2098 Bellus-mino
1401 2065 1608 2110 caeterisque
1623 2063 1702 2099 alla·

77 2121 129 2148 ta,
153 2109 196 2146 ad
212 2109 266 2158 jus
282 2106 489 2157 pontificum
505 2111 542 2144 in
559 2108 765 2156 temporalia
782 2122 904 2156 regum
920 2109 1010 2145 bona
1027 2109 1263 2148 stabiliendum
1275 2111 1366 2147 haud
1386 2116 1502 2160 magni
1521 2113 1597 2150 sunt
1608 2127 1698 2160 pon·

79 2160 192 2199 desis:
220 2171 258 2195 ea
276 2169 388 2196 tamen
413 2171 476 2196 nes
510 2158 656 2200 breviter
682 2172 946 2208 percurremuS,
980 2170 1015 2196 et
1039 2172 1080 2196 ex
1106 2158 1249 2208 singulis
1271 2162 1361 2199 nihil
1385 2165 1530 2201 omnino
1551 2163 1699 2214 probari

79 2208 291 2247 docebimus.

1586 2319 1649 2358 De
