2022 2733
287 198 786 238 DISSERTATIONES
839 200 1208 241 HISTORICAE.
1236 207 1398 243 Diffi-Em:
1427 209 1471 244 12.
1584 219 1655 252 119

86 301 180 337 tam3
208 288 264 326 sed
281 302 390 326 tamen
417 289 604 326 societatem
631 302 709 326 cum
736 288 810 336 ipso
836 292 946 328 adhuc
971 292 1176 336 servantem,
1211 296 1335 332 litteras
1359 295 1500 336 scribat,
1533 309 1570 331 ut
1595 306 1701 342 rupta.

86 343 231 379 omnino
248 353 326 376 cum
345 343 524 379 Marciano
543 340 713 379 societate,
740 340 826 375 alius
843 341 877 376 in
906 343 978 390 ejus
996 342 1111 379 locun
1130 346 1274 390 eligatur
1291 346 1493 393 episcopu33
1521 358 1622 391 atque
1638 347 1695 380 hic

85 389 131 427 cst
145 393 271 426 horum
289 392 456 439 Cypriani
476 391 662 426 verborum
683 391 850 435 genuinus
869 390 1000 427 sensus.-
1026 393 1237 442 dirigantur
1255 400 1293 432 in
1307 399 1538 444 provinciam,
1559 408 1618 431 etc.
1631 395 1701 430 hoe

84 440 147 481 est,
175 441 216 476 ad
233 440 412 488 episcopos
429 453 461 475 et
479 441 615 487 plebem
633 441 764 475 litterae
781 440 974 484 mittantur,
1002 455 1039 478 ut
1058 443 1246 480 abstentum
1270 450 1487 481 Marcianum
1514 445 1671 494 dejiciant
1686 469 1699 486 ‚

83 502 115 526 et
132 490 237 526 alium
252 493 286 526 in
306 491 377 537 ejus
394 490 508 526 locum
528 491 694 526 ordinent.
748 491 789 524 Et
806 489 880 525 sane
902 491 1096 527 Faustinum
1118 495 1381 540 Lugdunensem
1401 494 1602 541 episcopum
1628 505 1700 530 non

80 540 159 576 ideo
176 541 216 575 ad
236 543 430 576 Romanum
449 540 647 587 episcopum
672 540 713 573 de
738 540 917 575 Marciano
944 540 1121 586 scriplilse,
1159 544 1253 587 quod
1282 543 1482 579 existimaret
1507 545 1549 579 ad
1575 545 1699 580 Solita-

80 591 173 626 rium
192 603 319 637 papam
338 588 610 636 confugiendum
627 588 688 624 effe
711 599 778 634 pro
804 588 1047 636 episcoporum
1077 592 1305 636 depositione,
1341 606 1378 628 ut
1408 589 1570 629 existimat
1593 595 1696 629 Davi-

79 639 168 681 dius,
195 641 275 675 hinc
292 638 431 677 constat,
458 640 552 685 quod
573 639 614 674 ad
632 639 844 688 Cyprianum
866 653 1005 685 quoque
1023 639 1214 686 scripserit:
1243 641 1325 679 ficut
1346 655 1428 689 ergo
1447 656 1484 678 ex
1504 656 1544 677 eo
1564 669 1571 684 ,
1598 643 1697 688 quod

79 689 171 724 Galli
190 689 352 724 auxilium
370 690 535 737 Cypriani
552 689 796 734 imploravere,
825 701 893 724 non
911 690 987 725 licet
1004 691 1215 731 concludere,
1228 696 1392 728 Marciani
1420 693 1550 727 causam
1579 692 1657 727 adC
1684 713 1695 718 -

77 740 190 785 priani
208 738 360 774 tribunal
379 739 520 774 delatam
536 737 657 782 fuiss'e3
685 741 729 773 ita
747 751 785 772 ex
803 750 858 779 e0‚
886 740 980 785 quod
999 741 1040 775 ad
1065 742 1275 787 Stephanum
1302 743 1519 790 scripserint,
1554 755 1623 777 non
1648 706 1680 777 ¹2'

78 789 197 834 quitur
215 788 358 823 delatam
376 787 436 822 effe
454 788 623 824 Marciani
640 786 772 823 causam
791 788 833 823 ad
850 791 1010 835 Stephani
1031 791 1200 831 tribunal,
1229 806 1266 828 ut
1292 793 1332 828 ab
1356 808 1394 826 eo
1419 805 1590 837 tamquam
1608 805 1626 826 a
1644 791 1697 826 su·

78 849 203 884 premo
221 840 393 874 caularum
413 837 664 884 episcopalium
683 837 813 873 arbitro
837 838 1056 886 judicaretur.
1109 843 1283 878 Praeterea
1304 841 1453 879 faustum
1481 844 1697 891 Cyprianum

78 899 147 922 non
167 886 381 929 existimasse,
410 887 514 923 solius
533 886 594 922 esse
615 888 761 923 Romani
779 887 955 933 pontificis
974 889 1172 927 sententiam
1190 893 1300 928 dicere
1330 895 1364 928 in
1393 893 1488 928 causa
1510 892 1693 932 Marciani,

75 949 279 983 argumento
298 936 361 978 est,
389 937 485 982 quod
504 938 706 973 nominatim
724 936 881 980 testatur,
910 938 947 975 id
971 941 1012 975 ad
1040 954 1160 979 omnes
1180 942 1356 989 episcopos
1384 955 1573 989 pertinere.-
1610 943 1695 981 Cui,

75 986 209 1030 inquit,
235 990 289 1022 rei
303 987 444 1031 nostrum
463 986 506 1033 est
519 987 702 1032 subvenire
720 995 752 1021 et
767 990 953 1032 consulere,
987 993 1108 1035 frater
1133 992 1331 1039 clmrrffime,
1369 997 1427 1039 qui
1450 994 1602 1026 divinam
1632 992 1693 1025 cle-

75 1037 235 1070 mentiam
255 1039 461 1083 rogitantes,
490 1044 522 1070 et
536 1035 782 1082 gubernandae
798 1037 940 1081 ecclesiae
958 1038 1081 1074 libram
1105 1049 1275 1077 tenentes,
1300 1042 1346 1086 fic
1375 1047 1539 1086 censuram
1564 1042 1695 1086 rigoris

75 1083 305 1131 peccatoribus
324 1083 556 1124 exhibeamus,
581 1093 620 1119 ut
637 1092 748 1119 tamen
765 1084 859 1131 lapfis
885 1087 1062 1134 erigendis
1080 1098 1113 1124 et
1138 1089 1298 1124 curandis
1323 1092 1534 1126 vulneratis,
1565 1089 1693 1123 bonita-

75 1135 124 1169 tis
141 1141 175 1169 et
194 1133 446 1179 misericordiae
461 1133 616 1168 divinam
637 1134 831 1168 medicinam
849 1146 916 1169 non
931 1135 1140 1184 denegemus.

228 1185 346 1226 ltaque
361 1184 558 1228 Cyprianus
578 1182 736 1217 hortatur
753 1182 956 1219 Cornelium
973 1184 1014 1217 ad
1031 1187 1245 1220 Marcianum
1274 1186 1510 1231 expellendum
1545 1198 1613 1220 non
1645 1185 1690 1222 ob

75 1229 281 1277 singularem
300 1230 452 1265 ecclesiae
468 1232 644 1265 Romanae
662 1232 934 1273 praerogativam
948 1255 957 1270 ,
984 1230 1040 1265 sed
1061 1232 1105 1266 ob
1131 1245 1202 1266 eam
1215 1258 1223 1272 ‚
1248 1246 1333 1276 quae
1361 1233 1523 1267 omnibus
1547 1235 1688 1278 quidem

74 1279 263 1327 episcopis,
289 1279 473 1325 praecipue
493 1288 605 1311 tamen
623 1279 780 1312 Romano
799 1275 843 1311 ob
863 1279 1074 1322 primatum,
1100 1281 1268 1316 incumbit
1285 1281 1559 1316 sollicitudinem.
1600 1284 1691 1325 Quia

74 1341 184 1376 quum
199 1340 288 1362 unus
304 1326 346 1363 fit
362 1329 520 1363 omnium
538 1326 753 1372 episcopatus
770 1325 804 1359 in
821 1326 940 1371 plures
959 1330 1121 1364 concordi
1146 1329 1384 1366 numerositate
1403 1329 1566 1371 diffulus,
1585 1330 1692 1366 unus-

72 1377 218 1426 quisque
232 1376 376 1413 eccleliis
400 1376 462 1412 fibi
490 1377 612 1411 vicinis
639 1374 874 1411 laborantibus
900 1377 997 1413 debet
1023 1376 1237 1421 succurrere,
1266 1393 1298 1416 ct
1317 1380 1341 1416 fi
1371 1381 1545 1426 contingat
1569 1384 1695 1417 earum

72 1426 274 1476 episcopos,
301 1439 320 1462 a
336 1425 404 1462 fide
425 1424 619 1466 desciscere,
647 1423 789 1460 cunelos
809 1438 950 1472 oportet
975 1440 1091 1464 curam
1124 1432 1259 1477 gregis,
1302 1430 1365 1476 qui
1390 1430 1469 1477 ipsis
1494 1429 1690 1471 commissus

69 1477 194 1519 fuerat,
212 1475 397 1523 suscipere3
422 1476 478 1524 etfi
486 1501 495 1517 ,
521 1475 633 1520 inquit
650 1474 779 1509 ibidem
790 1476 1004 1522 Cyprianus,
1031 1480 1130 1516 multi
1142 1481 1290 1529 pastores
1306 1481 1432 1524 sumus,
1458 1492 1557 1516 unum
1575 1488 1689 1516 tamen

67 1539 212 1578 gregem
225 1528 400 1574 pascimus.

224 1579 305 1612 Hoc
321 1574 490 1611 Marciani
513 1571 704 1618 exemplum
722 1572 859 1609 adducit
876 1574 1088 1613 Christianus
1105 1581 1240 1626 Lupus,
1270 1591 1302 1614 et
1320 1591 1374 1613 eas
1402 1578 1570 1621 Quenellii
1597 1578 1687 1612 circa

72 1625 161 1662 illud
177 1625 433 1661 observationes
453 1621 674 1668 reprehendit
691 1634 763 1668 cap.
784 1634 833 1666 3.‚
859 1635 896 1658 ac
913 1636 980 1669 pro
998 1637 1096 1661 more
1114 1626 1175 1663 suo
1194 1629 1334 1664 totidem
1355 1640 1487 1663 errores
1505 1626 1567 1661 else
1592 1628 1686 1665 dicit.

71 1678 205 1712 Verum
222 1672 295 1721 ipse
309 1673 438 1717 ubique
455 1670 566 1706 ferme
582 1670 718 1708 labitur.
770 1673 910 1706 Dixerat
927 1675 1125 1718 Quenellius
1143 1678 1339 1713 Gallicanos
1357 1678 1533 1723 episcopos
1557 1676 1687 1713 idcirco

69 1724 220 1760 aliorum
239 1722 404 1758 auxilium
423 1718 637 1765 imploraffe;
666 1721 744 1765 quia
762 1720 849 1756 nihil
868 1722 1034 1757 audebant
1045 1725 1202 1761 adversus
1212 1727 1387 1762 hominem
1399 1739 1430 1772 p·
1450 1737 1688 1768 tentein,cum

69 1786 131 1809 nec
147 1773 181 1807 id
200 1783 400 1818 temporum
418 1771 505 1806 ratio
523 1769 664 1808 flueret,
690 1783 837 1816 cumque
854 1771 950 1817 plebs
968 1773 1172 1810 Arelatensis
1191 1776 1391 1823 episcopum
1411 1787 1564 1811 tueretur
1581 1788 1618 1811 ac
1628 1776 1686 1811 de—

67 1821 244 1859 fenderets
284 1820 339 1857 Ad
356 1821 511 1867 primum
529 1821 658 1866 regerit
675 1820 887 1856 Christianus
905 1824 1025 1868 Lupus
1045 1822 1227 1870 episcopos
1250 1827 1369 1861 Gallos
1393 1826 1478 1860 adeo
1503 1823 1602 1860 fuiffe
1628 1837 1688 1871 ge-

70 1871 233 1912 nerosos,
262 1881 301 1906 ut
326 1870 392 1906 suis
418 1870 625 1905 clamoribus
652 1870 798 1906 Galliam
824 1872 1076 1917 permoverint‚
1111 1883 1144 1907 et
1169 1877 1384 1910 Marcianum
1413 1875 1503 1920 apud
1532 1876 1685 1912 vicinum

69 1921 325 1968 metropolitam
342 1920 544 1958 detulerint,
569 1931 669 1968 atque
686 1933 754 1956 non
773 1921 808 1956 id
828 1932 928 1966 negat
948 1921 1164 1964 Quenellius,
1191 1935 1309 1959 verum
1327 1924 1412 1959 illud
1430 1924 1511 1960 dicit
1535 1937 1605 1959 non
1622 1936 1683 1959 au-

69 1969 124 2007 sos
142 1970 203 2006 effe
222 1982 301 2011 eos,
327 1970 426 2005 illum
446 1969 575 2004 ecclefia
592 1971 731 2013 ejicere3
760 1982 793 2005 et
813 1970 917 2005 alium
935 1971 969 2005 in
985 1971 1182 2018 ejuslocum
1203 1974 1371 2009 ordinare.
1425 1974 1476 2008 Ad
1496 1973 1683 2009 secundum

68 2021 116 2056 ait
130 2032 324 2068 temporum
342 2021 509 2054 rationem
531 2017 651 2061 tuliss‘e,
669 2031 707 2056 ut
719 2020 761 2054 de
779 2018 837 2055 ista
854 2019 948 2055 causa
966 2018 1131 2056 referrent
1147 2022 1188 2057 ad
1206 2021 1317 2059 sedem
1327 2022 1570 2069 apostolicairffi
1598 2036 1682 2068 ergo

70 2070 191 2112 etiam,
218 2071 351 2115 inquit,
377 2081 414 2104 ut
432 2069 631 2116 judicarent.
668 2069 889 2116 Respondeo,
916 2069 952 2105 id
970 2083 1039 2106 non
1062 2069 1175 2116 sequi,
1204 2073 1284 2118 quia
1300 2084 1338 2108 ut
1366 2073 1574 2119 judicarent,
1610 2075 1683 2119 epi-

65 2115 195 2166 scopos
210 2121 245 2154 in
266 2132 371 2154 unum
390 2119 572 2154 convenire
590 2119 790 2165 oportebat.
817 2118 912 2165 quod
930 2131 1000 2155 erat
1024 2119 1193 2157 difficilius
1212 2122 1274 2157 isto
1292 2134 1469 2170 tempore3
1506 2133 1544 2157 at
1569 2125 1683 2171 inquit

71 2167 202 2216 Lupus,
227 2172 308 2218 quin
328 2171 507 2204 relationes
525 2169 605 2215 istae
616 2172 762 2216 fuerint
773 2170 950 2217 synodales·
967 2182 1032 2205 non
1049 2171 1091 2215 eli
1107 2171 1338 2208 dubitandum.
1393 2174 1467 2208 Imo
1486 2171 1682 2207 ,verisimile

69 2215 118 2250 est
132 2230 185 2252 eas
202 2217 367 2265 ejusmodi
387 2231 456 2253 non
474 2216 583 2253 fullse.
638 2221 731 2253 Nam
750 2220 943 2268 Cyprianus
960 2218 1123 2264 fignificat
1136 2221 1266 2256 litteras
1281 2235 1298 2257 a
1315 2221 1494 2261 Faustino,
1524 2233 1557 2254 et
1579 2235 1601 2268 a
1625 2233 1678 2255 re-

69 2264 173 2314 liquis
190 2267 357 2317 episcopis
375 2266 512 2307 seorsim
529 2267 668 2307 eminas.
718 2268 940 2320 Sigmficans,
966 2269 1081 2317 inquit
1087 2294 1098 2314 ,
1125 2283 1180 2316 ea,
1206 2284 1290 2321 quae
1306 2272 1398 2310 nobis
1415 2274 1532 2322 utique
1544 2272 1680 2307 nuntia·

1590 2327 1631 2356 18
