1982 2739
309 216 375 251 ³3²
526 203 597 239 DE
630 202 909 247 ANTIQUA
948 201 1238 237 ECCLESIAE
1296 199 1652 237 DISCIPLINA·

408 290 582 326 Maximus
599 302 618 324 a
634 292 737 324 Petro
755 288 987 324 Alexandrino
1004 288 1182 324 ordinatus
1192 286 1369 334 episcopus
1388 286 1737 334 constantinopoleos
1749 300 1766 323 a
1778 287 1871 323 Grea'

260 341 363 389 gorio
379 341 599 375 Nazianzeno
617 337 735 385 pulsus
753 339 795 373 ad
816 337 1034 373 occidentales
1046 335 1221 382 confugit,
1249 348 1279 372 et
1296 339 1328 371 in
1351 335 1498 383 synodo,
1511 350 1594 382 quae
1604 351 1642 372 ex
1658 339 1760 372 totius
1778 336 1874 372 orbis

261 391 429 438 epilcopis
447 387 630 424 videbatur
645 388 704 435 effe
723 389 956 434 praescripta,
984 387 1048 421 hoc
1074 385 1186 423 est‚ut
1211 398 1371 431 putamus
1389 387 1610 433 Aquileiensi,
1636 386 1768 421 causam
1780 385 1874 420 suam

262 443 350 486 egit,
378 451 451 474 tum
467 450 549 473 vero
575 437 799 472 occidentales
821 436 987 482 judicium
1014 435 1074 470 fibi
1105 448 1172 470 non
1198 435 1427 480 usurparunt,
1464 447 1522 468 nec
1551 434 1609 469 fibi
1633 446 1692 475 aut
1717 433 1876 480 pontifici

260 492 419 525 Romano
437 486 505 522 fine
521 485 741 521 orientalibus
760 484 845 519 illud
873 496 1063 530 competere
1087 484 1238 520 arbitrati
1260 484 1353 525 suns,
1382 483 1436 518 sed
1460 495 1591 518 tantum
1610 483 1874 530 proposuerunt,

260 550 299 574 ut
326 548 486 573 commune
513 536 594 581 effer
617 536 832 571 orientalium
853 534 1164 583 occidentaliumque
1180 533 1372 579 judicium.-
1411 545 1497 573 cum,
1535 534 1715 578 inquiunt,
1751 544 1874 580 cogno-

260 588 385 634 viffi›nt
412 584 630 631 (orientales)
656 583 701 618 ad
724 584 779 617 hoc
793 586 945 628 partium
971 584 1097 629 ventffe
1121 583 1324 619 Maximum,
1352 590 1389 617 ut
1407 583 1532 627 causam
1550 585 1587 617 in
1606 582 1731 628 synodo
1753 588 1873 629 ageret

253 639 366 684 [παπ
393 633 478 684 quod
505 632 629 679 etiamsi
660 631 820 666 indiHum
845 634 1016 666 concilium
1044 645 1111 667 non
1134 632 1260 678 sufflet
1279 634 1361 677 jure
1388 640 1419 665 et
1441 642 1528 665 more
1552 633 1711 676 majorum
1729 631 1814 676 ficut
1840 639 1873 663 et

257 686 399 734 saneque
421 685 596 717 memoriae
614 681 827 728 Athanasius,
854 680 974 714 dudum
995 682 1113 716 Petrus
1123 680 1377 715 Alexandrinae
1396 679 1536 716 ecclesiae
1555 682 1699 725 episcopi
1717 689 1750 715 et
1767 682 1877 713 orien-

261 736 380 770 talium
396 734 550 779 plerique
570 733 742 776 fecerunt,
762 739 801 764 ut
820 729 864 763 ad
881 730 1021 776 ecclesiae
1037 731 1206 764 Romanae
1231 729 1355 764 Italiae
1379 738 1410 763 et
1436 731 1539 764 totius
1567 729 1738 763 occidentis
1756 729 1876 770 confu-

261 783 347 832 giffe
359 782 525 829 judicium
544 780 758 814 viderentur.
813 779 892 812 Cum
911 779 1085 822 commem
1105 777 1260 817 diximus,
1281 780 1435 824 experiri
1447 779 1529 812 velle
1540 778 1716 822 adveiyum
1735 789 1802 813 eos,
1819 777 1878 823 qui

262 835 485 877 episcopatum
503 831 573 874 ejus
598 827 1058 871 abnuerant‚compet·{ffe†zt‚
1083 827 1282 872 praesiolari
1307 829 1412 873 super
1439 839 1489 861 eos
1509 827 1713 870 senteutiam
1732 825 1876 872 nostram

260 880 461 916 debuerunt.
514 878 590 911 Non
614 877 892 922 praerogativam
920 875 1128 910 vindicamus
1157 879 1340 915 examinis,
1369 876 1433 920 scd
1459 876 1656 921 consortium
1681 885 1792 911 tamen
1820 873 1877 912 de-

260 929 336 964 buit
364 929 425 975 effe
451 928 622 961 communis
649 924 802 959 arbitrii.
1810 958 1811 961 Ἰ

412 978 461 1010 Ex
488 975 540 1009 his
568 972 696 1008 constat
722 972 855 1006 nullum
881 970 929 1006 ibi
956 971 1152 1017 exemplum
1179 972 1422 1019 appellationis
1451 983 1507 1007 aut
1534 971 1709 1007 revisionis
1736 970 1778 1007 ad
1805 972 1875 1007 Ro-

262 1037 402 1062 manam
431 1024 543 1058 sedem
570 1034 690 1056 extare.

413 1073 550 1111 Primo,
577 1071 657 1115 quia
675 1069 768 1104 nulla
785 1069 819 1103 in
839 1069 1035 1104 Maximum
1050 1069 1114 1104 lata
1130 1080 1199 1103 erat
1218 1067 1376 1104 sententia
1392 1094 1399 1110 ,
1428 1081 1504 1104 cum
1522 1069 1557 1103 in
1584 1068 1729 1104 concilio
1747 1068 1879 1105 causam

260 1123 356 1161 suam
382 1123 467 1168 egit3
496 1119 551 1155 sed
568 1131 700 1155 tantum
718 1116 830 1153 fuerat
856 1117 1152 1165 Constantinopoli
1177 1116 1315 1163 pulsus,
1352 1129 1454 1162 atque
1483 1118 1560 1152 ideo
1586 1118 1628 1153 ad
1654 1118 1878 1156 occidentales

261 1184 381 1209 omnes
400 1168 613 1215 confugerat.
665 1167 858 1214 Appellatio
877 1179 988 1202 autem
1005 1179 1062 1203 aut
1079 1167 1201 1202 revisio
1218 1167 1383 1214 judicium
1402 1166 1575 1213 supponit.

410 1219 583 1258 Secundo,
611 1217 833 1252 occidentales
852 1229 921 1250 non
942 1216 1003 1250 fibi
1021 1217 1090 1261 ejus
1117 1216 1283 1262 judicium
1313 1216 1499 1255 vindicant,
1536 1215 1592 1250 sed
1629 1216 1874 1261 imperatorem

259 1279 410 1314 rogant,
439 1280 474 1301 ut
491 1278 672 1301 commune
698 1264 736 1298 fit
752 1263 1010 1298 occidentalium
1029 1262 1314 1306 orientaliumque
1329 1264 1494 1309 judicium
1522 1262 1554 1297 et
1580 1264 1776 1299 concilium.
1830 1268 1876 1300 At

262 1317 293 1352 {i
317 1319 367 1363 jus
395 1313 644 1350 Sardicenfibus
668 1311 850 1346 canonibus
869 1314 1040 1345 Romanae
1067 1310 1134 1344 sedi
1154 1310 1324 1347 indultum
1341 1313 1376 1346 in
1398 1310 1458 1346 usu
1477 1310 1610 1353 fuiffer,
1645 1313 1729 1348 illud
1752 1313 1876 1359 procul

265 1367 372 1402 dubio
400 1362 619 1399 occidentales
648 1362 681 1395 in
709 1359 846 1406 epistola
871 1358 928 1393 sua
949 1357 1149 1400 iaffltaffent.

413 1415 554 1452 Tertio,
583 1424 651 1445 non
669 1410 722 1443 hic
740 1411 852 1453 agitur
871 1408 911 1441 de
933 1407 1035 1442 solius
1056 1407 1204 1453 episcopi
1220 1410 1367 1444 Romani
1384 1408 1513 1456 judicio
1528 1434 1539 1447 ,
1582 1408 1636 1444 sed
1673 1410 1775 1446 etiam
1801 1411 1877 1447 uni.

263 1462 374 1499 versae
392 1463 502 1497 Italiae
520 1465 620 1506 a‘tque
638 1458 739 1493 totius
757 1456 948 1491 occidentis.

412 1515 562 1554 Quarto,
590 1508 656 1542 sine
674 1506 743 1541 ullo
771 1503 1031 1539 occidentalium
1056 1502 1219 1539 consensu
1237 1504 1308 1539 imo
1335 1505 1377 1539 iis
1401 1506 1516 1542 invitis
1549 1506 1727 1544 orientales
1763 1509 1876 1545 Maxi.

241 1572 357 1597 -mum
377 1561 537 1605 rejecere,
566 1569 596 1591 et
615 1558 648 1591 in
666 1556 736 1602 ejus
753 1553 866 1589 locum
892 1552 1096 1588 Nessarium
1110 1553 1325 1589 ordinarunt.

411 1602 508 1643 idem
526 1617 616 1653 patet
635 1618 670 1640 ex
685 1603 926 1639 causa-Paulini
944 1613 975 1637 et
993 1602 1123 1637 Meletii
1139 1614 1176 1637 ac
1192 1602 1345 1637 Flaviani
1365 1602 1588 1639 ordinatione.

411 1660 504 1692 Nam
523 1657 640 1702 primo
661 1653 839 1689 orientales
857 1652 1037 1687 Meletium
1056 1651 1133 1686 licet
1150 1651 1190 1685 ab
1213 1651 1473 1687 occidentalium
1492 1665 1522 1688 et
1548 1655 1691 1689 Romani
1718 1653 1872 1702 episcopi

262 1709 506 1744 communione
523 1706 672 1740 alienum
691 1704 724 1738 in
743 1702 800 1737 sua
818 1703 1061 1736 communione
1079 1700 1246 1738 habuere,
1272 1712 1303 1735 et
1325 1713 1342 1735 e
1366 1713 1482 1737 contra
1506 1703 1688 1739 Paulinum
1705 1717 1724 1739 a
1747 1708 1874 1742 Roma-

260 1760 316 1792 nis
337 1769 365 1792 et
380 1756 468 1791 Italis
487 1753 713 1800 approbatum
734 1752 930 1797 episcopum
951 1750 1051 1786 nihili
1069 1749 1234 1786 fecerunt.

412 1804 585 1844 Secundo,
614 1802 689 1848 post
712 1812 856 1835 mortem
883 1799 1015 1835 Meletii
1040 1799 1239 1834 Flavianum
1264 1799 1299 1833 in
1324 1798 1393 1846 ejus
1417 1800 1531 1836 locum
1557 1801 1760 1837 ordinarunt
1788 1800 1871 1849 epilt

263 1867 389 1901 copem
408 1855 524 1888 invitis
547 1850 825 1888 occidentalibus:
855 1850 955 1895 hujus
984 1849 1231 1884 ordinationem
1256 1860 1325 1882 non
1351 1850 1440 1883 secus
1457 1863 1494 1885 ac
1512 1851 1656 1884 Maximi
1685 1850 1870 1897 depositio-

261 1918 339 1939 nem
358 1903 504 1949 synodus
523 1899 904 1944 Constantinopolitaim>
923 1897 1103 1943 prebavit:
1139 1896 1319 1932 reclamant
1337 1899 1573 1938 occidentales,
1602 1910 1731 1946 petunt,
1749 1912 1787 1935 ut
1813 1899 1875 1937 fiat

262 1953 417 1999 genemle
435 1952 634 1989 concilium,
664 1961 701 1984 ut
719 1949 786 1983 illic
804 1946 897 1982 causa
918 1946 1097 1991 utriusque
1112 1947 1326 1982 examinetur.
1381 1948 1475 1991 Quid
1498 1949 1537 1983 ad
1563 1948 1644 1983 haec
1665 1949 1870 1986 orientales?

260 2002 439 2038 Declarant
457 1999 488 2034 se
508 1999 597 2044 sequi
619 2000 794 2033 Nicaenos
812 2009 953 2031 canones
973 2008 1003 2030 et
1020 1996 1110 2041 juxta
1125 1996 1262 2031 illorum
1278 1994 1523 2042 praescriptum
1541 1996 1743 2034 Neam-ium
1767 2000 1802 2034 in
1821 1999 1871 2048 sy-

262 2050 356 2086 nodo
375 2048 750 2092 Conllantinopolitana
770 2046 964 2080 ordinatum
990 2045 1069 2085 else,
1097 2045 1290 2080 Flavianum
1309 2057 1390 2078 vero
1416 2048 1449 2080 in
1477 2047 1606 2082 oriente
1632 2046 1673 2082 ab
1699 2047 1870 2095 episcopis

260 2098 460 2135 dioeceseos.
513 2100 658 2132 Monent
678 2095 907 2132 occidentales,
925 2106 962 2129 ut
978 2096 1142 2130 unitatem
1160 2105 1189 2128 et
1206 2105 1322 2140 pacem
1331 2093 1488 2140 legesque
1503 2095 1727 2131 ecclefiasticas
1736 2099 1872 2142 privato

261 2162 342 2193 erga
362 2148 493 2191 aliquos
512 2145 622 2180 studio
640 2155 866 2190 praeponant:
894 2157 963 2179 uno
983 2144 1088 2179 verbo
1106 2142 1307 2189 supponunt
1324 2143 1461 2184 cunei-a,
1480 2157 1563 2189 quae
1587 2159 1604 2179 a
1624 2144 1761 2192 synodis
1783 2159 1868 2192 pro-

262 2199 394 2232 vinciae
415 2207 447 2230 et
466 2192 653 2229 dioeceseos
674 2193 748 2227 sunt
768 2192 903 2234 statuta,
922 2193 1093 2228 retraGari
1114 2194 1253 2227 minime
1263 2190 1371 2237 posse,
1402 2195 1577 2239 idqueper
1593 2205 1758 2228 canonem
1768 2195 1873 2230 sanci-

265 2259 336 2283 unt.
389 2249 440 2282 ha
460 2242 540 2281 visti
559 2243 781 2283 occidentales
801 2255 870 2279 non
890 2243 1028 2289 quidem
1045 2243 1130 2278 circa
1147 2241 1388 2290 appellationes
1406 2254 1463 2280 aut
1473 2243 1723 2282 revifiones,de
1742 2243 1868 2287 quibus

1735 2304 1819 2329 nou·
