2022 2733
853 533 948 579 DE

278 629 834 736 ANTIQVA
929 629 1531 709 ECCLESIAE

27 769 185 897 „D
296 768 337 865 Ι
444 768 496 866 s
596 768 681 867 C
783 767 825 864 I
927 770 997 867 P
1101 768 1184 866 L
1286 767 1328 864 I
1428 766 1515 864 N
1617 768 1714 865 A

384 931 963 986 DISSERTATIONES
1025 931 1419 985 HISTORICAE.

587 1175 1099 1222 DISSERTATIO
1161 1174 1218 1221 V.

296 1270 346 1316 In
375 1285 452 1328 qua
479 1269 676 1328 probatur
705 1270 877 1315 Romami
899 1271 1098 1330 pontificis
1119 1270 1308 1330 judiciium
1338 1287 1414 1316 rzon
1447 1271 1514 1331 effe

752 1337 1053 1396 irreformabile.

651 1435 1158 1486 PRAELOQVIVM,

102 1496 133 1615 ε
227 1566 287 1590 um
315 1566 351 1588 ea
378 1549 571 1588 communis
598 1548 638 1584 fit
664 1551 822 1586 omnium
848 1551 1031 1588 hominum
1059 1552 1236 1593 conditio,
1262 1563 1302 1589 ut
1326 1553 1444 1591 multis
1470 1566 1506 1591 ac
1532 1553 1635 1590 variis
1663 1565 1716 1589 er-

253 1602 391 1638 roribus
418 1600 482 1636 fint
508 1599 663 1641 obnoxii,
691 1600 826 1636 nullum
852 1601 1079 1647 praestantius
1107 1603 1245 1638 mortali
1270 1605 1430 1650 cuiquam
1453 1617 1580 1640 munus
1604 1617 1623 1639 a
1639 1607 1713 1646 Deo

100 1652 242 1688 concedi
262 1651 388 1700 potest,
415 1661 517 1696 quam
536 1661 574 1685 ut
589 1649 761 1694 aliquibus
779 1651 813 1684 in
833 1650 933 1686 rebus
950 1651 1024 1686 falli
1041 1663 1112 1686 non
1130 1652 1250 1697 posim
1277 1653 1475 1699 praesertim
1500 1665 1582 1689 vero
1602 1654 1637 1687 in
1663 1654 1717 1690 iis,

99 1714 250 1748 quorum
269 1702 443 1747 cognitio,
467 1700 546 1735 licet
562 1698 753 1740 necessaria,
781 1701 924 1736 rationis
942 1711 1053 1736 tamen
1071 1701 1204 1737 viribus
1222 1702 1339 1738 haberi
1357 1716 1426 1739 non
1451 1703 1572 1750 potest.
1620 1703 1717 1737 Hinc

101 1751 236 1788 nullum
254 1751 368 1800 majus
387 1750 551 1786 Romanis
568 1748 791 1795 pontificibus
811 1750 1034 1796 privilegium
1060 1749 1165 1785 tribui
1181 1752 1317 1797 potuit,
1345 1765 1444 1798 quam
1465 1764 1595 1788 certum
1616 1763 1647 1799 et
1667 1753 1717 1786 in-

99 1800 244 1849 fallibile
261 1801 296 1837 in
316 1800 418 1837 rebus
437 1798 519 1834 fidei
537 1797 739 1834 definiendis
756 1799 942 1847 judicium3
969 1799 1026 1835 sed
1046 1812 1115 1845 quo
1136 1801 1249 1849 majus
1278 1813 1308 1836 et
1326 1803 1538 1837 excellentius
1565 1801 1610 1837 est
1630 1801 1718 1837 istud

94 1852 250 1892 donum,
277 1863 317 1887 eo
338 1850 532 1896 diligentius
552 1850 740 1885 cavendum
758 1849 820 1890 est,
849 1863 890 1884 ne
907 1849 992 1885 illud
1014 1861 1140 1885 temere
1156 1863 1193 1885 ac
1215 1848 1284 1885 fine
1302 1850 1528 1888 fundamento
1558 1851 1640 1899 ipsis
1664 1851 1719 1887 ad-

91 1899 311 1937 scribamus.-
337 1912 415 1936 nam
431 1910 672 1944 praeterquam
690 1899 783 1944 quod
802 1900 986 1946 indignum
1007 1898 1052 1934 est
1069 1900 1169 1934 alicui
1188 1901 1405 1936 autoritatem
1425 1915 1515 1940 eam,
1544 1915 1629 1947 quae
1655 1899 1718 1948 ipsi

92 1964 178 1987 >non
198 1951 371 1997 competit,
397 1949 569 1991 tribuere,
595 1949 682 1984 nihil
702 1950 810 1996 magis
826 1948 1057 1996 periculosum
1079 1961 1179 1993 quam
1200 1963 1292 1991 eum,
1325 1953 1382 1996 qui
1403 1950 1503 1997 poffit
1522 1964 1642 1992 errare,
1669 1953 1718 1986 in-

106 2001 288 2038 fallibilem
308 2000 461 2036 credere:
498 1997 521 2033 fi
546 2000 637 2047 enim
663 2000 836 2045 contingat
861 2012 937 2035 eum
966 1999 1005 2034 de
1030 1997 1122 2035 fagio
1142 2012 1273 2041 errare,
1300 2000 1482 2037 necessario
1501 2002 1536 2036 in
1565 2013 1719 2037 errorem

107 2051 299 2092 ducuntur,
329 2050 390 2095 qui
408 2060 485 2084 eum
503 2047 647 2084 deficere
665 2050 805 2084 minime
828 2048 920 2096 posse
938 2049 1165 2090 arbitrantur,
1201 2061 1278 2085 cum
1297 2051 1327 2085 ei
1351 2051 1534 2090 autoritati,
1547 2064 1630 2096 quae
1655 2064 1719 2097 pu-

107 2111 197 2137 tatur
213 2099 413 2140 infallibilis,
432 2098 683 2134 adhaerendum
702 2099 844 2135 omnino
866 2099 910 2134 [it.
964 2100 1230 2146 IgiturRomani
1247 2099 1424 2147 pontificis
1441 2100 1718 2137 infallibilitatem

109 2151 242 2198 erodere
258 2162 359 2185 nemo
378 2149 492 2189 debet,
518 2147 579 2183 nisi
598 2159 664 2184 ram
682 2148 862 2195 perspicue
880 2149 1137 2188 demonstretur,
1165 2161 1202 2184 ut
1217 2150 1332 2186 nullus
1351 2150 1557 2186 dubitationi
1575 2148 1716 2196 supersit

111 2199 235 2235 locus«
269 2203 364 2236 Nam
383 2198 441 2234 nisi
460 2200 603 2234 omnino
620 2209 750 2234 certum
769 2199 815 2239 fit,
836 2212 911 2234 eum
932 2198 992 2233 effe
1010 2198 1236 2240 infallibilem,
1256 2203 1315 2246 qui
1335 2200 1441 2246 potest
1457 2201 1531 2248 ejus
1552 2200 1715 2246 judicium

109 2260 179 2299 pro
196 2259 288 2288 certo
303 2248 525 2288 etinfallibili
542 2248 684 2286 haberi?
737 2250 875 2298 Quippe
892 2249 914 2285 fi
937 2249 1113 2297 probabile
1138 2260 1270 2293 tantum
1293 2249 1338 2287 est
1354 2249 1555 2298 pontificem
1576 2248 1637 2335 {lli}
1668 2251 1716 2285 in-

232 2317 235 2319 —
1593 2298 1625 2335 'al
1642 2301 1664 2335 i·
