2022 2733
237 190 737 231 msSERTA'rmNEs
777 193 1120 235 Hls'romeffl.
1155 198 1361 236 nunu.
1387 201 1451 237 VI.
1553 209 1624 246 323-

820 283 849 326 §.
876 286 921 322 V.

58 404 103 443 In
127 419 195 456 quo
221 406 435 446 conciliorum
460 406 584 460 Pisani
599 436 609 452 .
661 408 922 462 Constantimsts
948 417 979 451 et
1005 409 1199 515 Bjsilqenfiae
1224 414 1314 502 εἱνῖα
1364 414 1548 465 ropofiiam
1572 424 1675 462 quem

1060 476 1214 502 amorum
1238 478 1260 503 ο
1277 477 1315 513 μ
1345 476 1355 501 ι

153 458 297 507 stionem
328 458 537 509 definitiones
570 458 764 509 referuntur
795 466 828 498 et
859 459 906 499 ab
940 461 1045 506 adver
1358 462 1477 502 onibus
1501 464 1675 501 vindicari·

154 512 222 544 tur.

0 642 5 648 ,
61 593 289 691 Postquam
314 607 448 643 anobis
475 605 646 642 ostensum
670 604 735 647 est,
788 617 875 652 quae
905 602 1013 642 fuerit
1046 608 1206 654 antiquae
1238 609 1388 646 ecclesiae
1417 610 1508 646 circa
1540 613 1675 649 concilii

184 668 216 691 et
233 654 407 702 pontificis
423 657 571 692 Romani
595 657 810 691 autoritatem
827 667 924 690 mens
949 667 981 691 et
1004 656 1186 705 disciplina
1203 684 1211 700 ‚
1238 659 1387 706 superest
1405 686 1414 702 ,
1450 671 1489 695 ut
1518 662 1601 705 quid
1633 662 1674 698 de

58 706 118 742 illa
134 706 169 740 in
191 705 345 741 conciliis
365 705 576 751 generalibus
594 705 677 753 post
699 717 828 741 motam
845 705 940 740 litem
965 705 1148 744 definitum
1166 706 1283 747 fuerit,
1304 708 1551 756 expendamus

207 756 294 790 Tria
320 767 430 802 porro
457 754 535 791 sunt
559 755 720 796 concilia,
768 757 805 790 in
834 754 959 799 quibus
986 756 1068 792 haec
1095 757 1245 803 quaestio
1273 759 1332 795 diu
1359 759 1578 804 multumque
1596 772 1676 795 ven-

61 804 152 840 tilata
171 816 206 838 ac
226 804 360 839 tandem
380 804 518 840 definita
540 804 601 846 est,
629 817 660 840 et
681 802 777 840 faffls
794 802 1015 847 confirmata,
1043 806 1202 844 Pisanum
1216 806 1340 844 scilicet
1362 808 1619 844 Constantiense
1641 821 1676 845 ae

60 853 260 895 Basileense,
289 866 440 899 quorum
458 854 634 891 historiam
661 854 809 890 breviter
833 854 874 889 ab
902 856 1036 902 origine
1060 856 1231 893 deducere
1258 871 1277 894 a
1305 858 1490 906 proposito
1514 870 1586 894 non
1611 860 1675 894 erit

63 904 227 939 alienum.

213 954 301 988 Cum
325 953 522 999 Gregorius
539 955 596 989 XI.
618 953 813 993 Avenione,
840 952 900 988 ubi
921 964 977 998 73.
994 965 1104 990 annos
1119 953 1305 1001 pontifices
1325 954 1503 996 sederunt,
1530 958 1677 991 Romam

64 1000 226 1040 rediisset,
254 1013 353 1046 atque
376 1003 481 1047 paulo
501 1002 578 1048 post
595 1015 684 1037 anno
707 1015 718 1035 ι
732 1009 810 1046 378.
827 1015 845 1036 e
861 1004 948 1037 vivis
967 1003 1143 1039 excessisset
1161 1030 1169 1044 ,
1206 1004 1359 1051 populus
1385 1007 1560 1040 Romanus
1588 1003 1674 1040 ‘sedi-

63 1051 155 1086 tione
172 1047 279 1087 suaa,
306 1052 340 1084 in
361 1051 539 1088 conclave,
566 1063 604 1085 ut
621 1062 759 1091 vocant,
789 1052 933 1097 irrupit,
961 1063 1063 1096 atque
1087 1053 1248 1088 omnibus
1272 1053 1500 1089 cardinalibus
1527 1065 1676 1089 mortem

64 1101 304 1135 interminatus
322 1097 385 1140 est,
412 1101 449 1134 ni
468 1103 661 1135 Romanum
679 1111 734 1134 aut
751 1098 866 1135 saltem
888 1101 1010 1135 Italum
1027 1113 1177 1137 crearent
1194 1101 1394 1148 pontificem
1414 1116 1423 1146 ;
1452 1103 1508 1144 hi,
1533 1114 1573 1138 nt
1592 1102 1678 1139 saiu-

66 1150 91 1184 ti
110 1148 186 1183 suae
204 1147 426 1190 consulerent,
443 1149 747 1184 Bartholomaeum
758 1149 1045 1195 Neapolitanum,
1073 1153 1134 1196 qui
1153 1152 1330 1187 cardinalis
1349 1164 1419 1187 non
1445 1164 1534 1190 erat,
1566 1153 1679 1199 ponti-

68 1196 164 1233 ficem
182 1198 396 1244 delegerunt,
423 1200 485 1243 qui
501 1196 612 1233 distas
634 1198 679 1232 est
697 1197 857 1233 Urbanus
875 1201 956 1239 V1.‚
986 1199 1041 1234 sed
1060 1214 1157 1245 aegre
1173 1200 1320 1236 ferentes
1335 1203 1408 1236 vim
1427 1214 1447 1236 a
1472 1202 1611 1248 populo
1636 1201 1679 1237 fi-

68 1248 104 1283 bi
120 1247 247 1282 illatam
265 1248 447 1292 aliquando
465 1245 540 1292 post
555 1245 684 1281 fundos
704 1245 767 1279 sese
783 1245 1045 1289 transtulerunt,
1073 1250 1133 1284 ubi
1151 1250 1359 1285 cardinalem
1378 1250 1588 1291 Robertum,
1618 1250 1679 1296 qui

66 1296 221 1331 Clemens
239 1299 316 1330 VII.
337 1295 385 1330 est
404 1293 533 1334 distus,
560 1293 761 1340 pontificem
779 1293 962 1338 elegerunt.
1015 1299 1048 1331 Is
1069 1300 1248 1333 Avenione
1270 1298 1358 1333 sedit
1374 1324 1384 1338 ,
1419 1298 1528 1344 usque
1558 1299 1600 1333 ad
1624 1312 1680 1335 an·

66 1358 150 1381 num
172 1356 289 1389 1394,
308 1356 379 1390 quo
399 1354 557 1379 mortuus
581 1340 800 1378 successorem
818 1342 938 1378 habuit
955 1345 1094 1381 Petrum
1113 1347 1154 1381 de
1168 1346 1568 1392 Luna,quil3enediaus
1585 1350 1681 1384 XIII.

65 1394 111 1430 est
134 1392 255 1439 diibus.
316 1393 466 1430 Aliunde
492 1405 575 1429 vero
601 1393 748 1429 Urbano
769 1394 827 1428 VI.
856 1391 998 1428 succeffit
1021 1394 1217 1431 BoniFacius
1249 1397 1353 1444 hujus
1379 1397 1530 1433 nominis
1557 1409 1681 1433 nonuS.

66 1442 246 1486 Bonifacio
273 1445 451 1481 Innocent.
478 1445 579 1483 VIL,
606 1455 643 1478 ac
659 1443 798 1477 demum
817 1443 1040 1482 Innocentio,
1067 1446 1218 1491 Angelus
1235 1445 1281 1481 de
1304 1448 1469 1488 Corario,
1506 1447 1565 1492 qui
1591 1458 1682 1482 auno

73 1497 179 1536 1406.
203 1507 238 1528 ea
256 1493 453 1528 conditione
473 1489 597 1526 eleaus
616 1489 678 1531 est,
705 1503 743 1526 ut
766 1489 873 1527 statim
899 1491 977 1537 post
1002 1493 1205 1531 elestionem
1228 1496 1271 1531 ad
1296 1494 1399 1531 finem
1427 1495 1682 1542 imponendum

69 1541 238 1586 schismati
253 1541 458 1589 pontIficatu
475 1539 541 1575 sese
557 1539 736 1574 abdicaret.
789 1542 919 1578 Verum
938 1541 1001 1577 ubi
1021 1543 1261 1589 pontificatum
1286 1545 1430 1592 adeptus
1448 1545 1495 1580 est
1514 1559 1557 1581 eo
1581 1545 1683 1581 cede.

71 1603 109 1626 re
127 1591 256 1629 noluit,
282 1591 383 1636 seque
401 1591 551 1635 Gregor.
569 1591 643 1624 XII.
663 1587 823 1634 adpellari
838 1589 958 1625 voluit.
1021 1595 1072 1627 Ita
1097 1606 1149 1629 res
1174 1594 1215 1629 ad
1242 1594 1331 1630 duos
1358 1595 1462 1630 rediit
1485 1597 1683 1642 antipapas,

71 1638 242 1675 Benedist.
269 1643 363 1675 XIII.
390 1651 422 1675 et
448 1639 660 1684 Gregorium
687 1640 762 1672 XII.
815 1640 992 1674 Neutrum
1018 1653 1086 1686 pro
1110 1642 1266 1687 legitimo
1292 1642 1458 1689 pontifice
1479 1644 1684 1691 agnoscebat

74 1689 204 1731 Gallia,
232 1699 264 1724 et
283 1690 422 1725 tertium
442 1688 523 1734 eligi
539 1687 688 1723 volebat.
716 1688 811 1721 Hinc
830 1687 984 1722 habitum
1001 1689 1047 1724 est
1064 1692 1246 1727 concilium
1264 1692 1423 1728 Pisanum
1441 1706 1531 1729 anno
1563 1706 1681 1736 1409.‚

73 1750 105 1774 et
122 1751 160 1774 ex
181 1737 342 1774 consensu
360 1736 624 1781 christianorum
646 1737 802 1772 omnium
830 1737 1030 1781 principum
1061 1740 1282 1780 celebratum,
1320 1744 1376 1778 cui
1401 1742 1541 1787 quidem
1567 1740 1684 1777 adfue-

73 1799 155 1824 runt
178 1787 364 1834 plusquam
387 1787 525 1822 ducenti
549 1784 700 1834 episcopi
720 1798 756 1820 ex
775 1785 885 1826 ltalia,
913 1787 1074 1826 Francia,
1102 1790 1304 1828 Germania,
1330 1801 1365 1825 et
1386 1792 1521 1836 Anglia.
1575 1790 1630 1827 Ad
1648 1791 1685 1825 il-

75 1838 137 1881 lud
161 1839 275 1873 vocati
301 1837 496 1883 Gregorius
522 1847 555 1871 et
579 1834 783 1870 Benedistus
800 1860 808 1875 ‚
844 1846 922 1869 cum
949 1848 1018 1871 non
1042 1836 1242 1878 adfuissent,
1271 1839 1311 1874 de
1333 1838 1536 1885 pontificatu
1560 1838 1685 1888 dejeffl

77 1886 175 1924 sunt,
203 1884 394 1932 elestusque
412 1885 602 1921 Alexander
618 1887 662 1920 V.
702 1887 777 1919 Nec
795 1882 905 1919 solum
922 1884 1040 1920 Pisana
1056 1885 1205 1934 synodus
1225 1886 1317 1924 suam
1335 1891 1370 1924 in
1389 1888 1569 1935 pontifices
1585 1902 1686 1925 auto-

79 1937 214 1972 ritatem
231 1937 398 1975 exercuit,
425 1933 491 1981 sed]
504 1935 603 1969 etiam
624 1934 757 1969 decreto
778 1932 938 1970 sancivit.-
968 1936 1148 1972 Concilium
1165 1939 1531 1986 generaleuniversam
1545 1951 1685 1985 reprae-

73 1987 210 2033 sentam
223 1986 385 2026 -eccleliam
400 1983 464 2031 effe
482 1984 639 2031 superius
658 1996 751 2031 papa
777 1992 809 2017 et
833 1982 880 2017 ad
905 1984 991 2019 illud
1013 1989 1190 2031 pertinere
1207 1990 1429 2036 cognitionem
1459 2001 1496 2024 ac
1513 1989 1686 2036 judicium

79 2035 394 2080 controversiarum,
422 2044 505 2081 quae
519 2032 755 2081 pontzficatum
770 2033 955 2068 Romanum
969 2035 1136 2080 speflant.
1190 2038 1237 2071 Ea
1253 2049 1356 2078 vero,
1391 2049 1478 2083 quae
1493 2051 1512 2073 a
1538 2038 1686 2073 concilio

80 2084 200 2120 Pisano
219 2082 308 2130 gesta
329 2096 360 2118 et
383 2081 520 2117 definita
536 2079 699 2120 fuerunt,
727 2081 931 2127 adprobavit
950 2093 981 2117 et
1001 2083 1219 2121 confirmavit
1235 2086 1426 2122 Alexander
1445 2090 1515 2128 V.‚=
1537 2088 1595 2133 qui
1613 2098 1687 2122 tum

83 2133 124 2170 ab
144 2132 304 2169 omnibus
321 2144 390 2178 pro
404 2132 562 2178 legitimo
580 2129 743 2178 pontifice
759 2130 965 2169 habebatur.
993 2144 1024 2168 et
1040 2133 1199 2171 Pisanum
1223 2137 1407 2171 concilium
1434 2137 1627 2183 legitimum
1654 2146 1686 2170 et

84 2183 237 2228 generale
254 2182 499 2229 pronuntiavit.
554 2184 634 2227 Quo
653 2182 756 2216 etiam
784 2181 924 2217 nomine
954 2181 1102 2220 donatur
1121 2185 1309 2223 concilium
1332 2186 1420 2223 illud
1436 2186 1481 2224 :ab
1503 2184 1687 2226 omnibus.

84 2232 145 2276 qui
165 2232 204 2268 de
221 2244 261 2268 eo
279 2243 354 2270 tum
376 2230 539 2281 temporis
558 2229 779 2280 scripserunt.

883 2282 941 2317 ες
992 2294 1011 2316 2
1561 2264 1665 2320 Post,
