2022 2733
309 179 818 227 DISSERTATIONES
852 182 1225 222 HISTORICAE.
1252 188 1413 225 stszar.
1443 190 1504 225 VI.
1602 203 1671 245 303

103 266 160 302 alii
172 280 185 301 τΑ
208 266 264 303 sed
281 280 322 304 ex
340 269 381 303 iis
400 269 570 315 theologis
590 282 658 305 non
678 268 732 308 est,
751 271 811 316 qui
828 272 1032 318 opinionem
1049 273 1202 310 nostram
1221 275 1571 326 diligentius'explicet
1587 289 1719 325 etaccu-⁴

102 318 212 353 ratius
231 319 398 364 expendat
419 332 520 364 quam
538 319 698 355 Tostatus
715 321 911 360 Abuiensis,
940 335 956 356 e
973 335 1043 368 quo
1062 336 1132 359 non
1150 338 1259 371 pauca
1275 325 1404 363 referre
1413 328 1503 364 haud
1520 330 1664 377 pigebit.

252 368 492 412 Quaestionem
510 368 551 404 sic
570 371 740 416 proponit
758 370 818 406 illo
840 371 918 408 loco
935 371 1039 419 supra
1054 374 1175 416 citato,
1213 389 1256 410 an
1280 382 1495 414 communitas
1513 384 1573 426 sen
1592 381 1716 426 ecclefi‘a

95 416 193 464 poffit
210 417 335 454 habere
352 422 551 455 exercitium
560 420 839 466 jac-rtJdiHionis,
867 431 901 457 et
918 435 960 457 an
976 424 1124 470 Clzrzstus
1144 425 1281 460 dederit
1305 428 1411 463 claves
1427 430 1494 473 soli
1519 432 1619 466 Petro
1636 433 1717 478 spe-

96 469 252 506 cialiter,
279 470 335 503 vel
346 471 414 512 soli
431 469 587 513 ecclesiae,
614 479 648 504 et
665 470 821 517 quomodo
841 474 1057 518 transfertur
1073 477 1240 510 autoritas
1255 478 1396 512 clavium
1414 478 1454 513 de
1470 491 1535 514 uno
1559 483 1716 526 praelate

95 516 142 552 ad
160 518 271 553 alium.
301 519 395 553 Huic
412 531 522 554 autem
543 518 728 563 quaestioni
751 518 952 564 respondet,
978 520 1252 566 jurisdistionem
1264 525 1403 568 quidem
1412 525 1591 562 secundum
1603 527 1717 564 astum

97 566 217 601 cadere
235 580 304 603 non
326 567 420 614 posse
437 568 470 601 in
490 569 789 608 communitatem,
818 566 875 601 sed
893 570 929 602 in
938 568 1396 614 personamdeterminatam,
1416 587 1501 618 quae
1511 576 1713 621 poffitastus

97 614 232 661 aliquos
251 629 423 657 exercere,
451 616 508 651 sed
524 629 598 651 eam
617 615 680 650 esse
697 617 733 650 in
752 619 997 652 communitate
1016 616 1199 654 secundum
1218 622 1390 667 originem
1407 634 1438 657 et
1456 623 1636 661 secundum
1648 629 1713 662 vir-

97 676 225 703 tutem,
253 667 334 711 quia
351 678 468 700 omnes
485 665 662 712 personae,
681 678 766 711 quae
784 666 1252 715 accipiuntjurisdistionem,
1269 683 1308 706 ex
1319 672 1442 707 virtute
1458 677 1714 721 communitatis

98 715 277 761 accipiunt.
330 714 384 750 Ita
399 728 528 756 autem,
555 719 688 765 inquit,
716 715 854 752 videtur
878 717 918 751 de
934 717 1084 753 clavibus
1104 719 1271 758 ecclesiae,
1298 722 1378 766 quia
1397 722 1469 758 illae
1491 724 1585 759 datae
1599 725 1677 760 sunt
1695 740 1715 762 a

96 789 116 805 ,‚
128 763 266 801 Christo
282 766 347 800 toti
366 765 536 808 eeclesiae,
565 768 644 811 quia
655 777 764 801 tamen
783 779 853 802 non
863 778 999 813 poterat
1016 768 1171 804 universa
1189 769 1322 806 ecclesia
1339 771 1529 818 dispensare
1547 774 1611 812 illa,
1634 789 1713 812 cum

96 826 198 854 „non
218 813 294 850 effer
310 815 424 861 aliqua
441 814 604 861 persona,
631 829 684 851 eas
705 819 806 851 Petro
829 817 921 852 dedit
940 819 1080 853 nomine
1097 818 1266 862 ecclesiae3
1296 821 1320 856 fi
1334 833 1446 857 tamen
1463 823 1712 870 intelligeretur

95 865 232 904 „claves
252 866 391 901 traditas
410 865 470 900 esse
488 869 586 900 Petro
604 865 804 911 specialiter,
834 880 902 901 non
922 866 1031 903 solum
1049 866 1538 914 sequereturinconvenienter,
1558 877 1713 919 quoditi-

97 915 284 956 ‚,ducitur,
337 915 459 950 scilicet
484 916 578 960 quod
595 916 654 950 alii
671 917 817 962 apostoli
838 930 907 951 non
922 917 1127 959 habuissent,
1155 931 1213 955 etc.
1249 919 1306 955 sed
1330 921 1440 957 adhuc
1468 923 1709 960 inconvenieus

97 987 116 1002 ,‚
131 964 240 1005 maius
258 976 337 1009 erat,
357 965 452 1010 quod
472 963 637 1001 defuneto
656 968 755 1001 Petro
777 979 846 1000 non
863 965 1055 1001 mansissent
1072 968 1199 1011 claves3
1228 970 1322 1014 quod
1346 970 1474 1015 neeesse
1494 985 1573 1013 erat,
1597 974 1620 1009 fi
1648 973 1711 1010 soli

95 1035 115 1052 ι,
130 1007 227 1048 Petro
246 1013 339 1048 datae
357 1013 511 1053 fuissent,
540 1025 572 1048 et
592 1027 660 1049 non
678 1014 788 1049 solum
808 1015 830 1050 fi
848 1014 910 1061 ipsi
930 1014 1010 1053 soli,
1037 1016 1092 1051 sed
1123 1020 1223 1052 etiam
1247 1019 1270 1054 fi
1294 1020 1456 1055 omnibus
1474 1022 1634 1068 apostolis
1653 1024 1709 1060 da-

96 1073 179 1101 „tae
196 1060 355 1101 fuissent,
383 1075 555 1108 tamquam
567 1064 794 1099 determinatis
812 1065 965 1110 personis
985 1063 1153 1100 defunffis
1173 1067 1238 1102 iilis
1258 1081 1326 1104 non
1343 1069 1534 1107 mansissent
1553 1071 1658 1108 claves
1670 1075 1706 1108 in

92 1134 112 1151 ³.
125 1112 274 1153 ecclesia,
300 1114 380 1158 quia
399 1112 453 1148 isti
470 1126 538 1148 non
558 1113 681 1148 habent
701 1113 901 1159 potestatem
918 1113 1020 1149 dandi
1038 1115 1111 1149 aliis
1135 1116 1241 1152 claves
1254 1143 1263 1159 ,
1298 1117 1456 1156 faciendo
1473 1133 1530 1156 eos
1548 1121 1708 1158 successo-

92 1183 112 1197 „
126 1174 179 1196 res
202 1162 296 1204 suos,
325 1175 403 1198 cum
422 1176 522 1198 nemo
539 1162 638 1208 possit
655 1163 839 1208 praelatum
859 1163 1075 1198 successorem
1094 1163 1155 1200 sibi
1170 1164 1282 1202 facere
1308 1197 1317 1204 .
1343 1196 1352 1205 .
1381 1196 1390 1205 .
1416 1196 1426 1205 .
1454 1173 1548 1216 Ergo
1559 1170 1709 1211 nonfue-

93 1233 113 1250 ‚,
126 1224 208 1247 runt
228 1213 324 1248 datae
343 1213 450 1248 claves
466 1213 532 1246 iliis
553 1224 725 1255 tamquam
737 1213 967 1253 determinatis
982 1213 1153 1259 personis,
1179 1215 1234 1250 sed
1244 1230 1415 1262 tamquam
1428 1219 1709 1257 ministris‘eccle-

93 1284 114 1300 „
127 1260 208 1304 siae3
239 1273 270 1296 et
285 1273 366 1296 tunc
383 1262 490 1305 magis
507 1260 672 1294 dabantur
687 1260 792 1295 claves
811 1261 976 1302 ecciesiae,
1005 1274 1079 1296 cum
1090 1263 1225 1305 ecclesia,
1244 1278 1329 1310 quae
1346 1266 1436 1313 ipsas
1452 1269 1552 1304 habet
1562 1271 1708 1307 redicali-

93 1332 114 1346 υ
125 1323 186 1351 ter,
209 1322 380 1358 nunquam
399 1311 577 1344 moriatur.
608 1309 699 1344 Hinc
718 1309 838 1344 leviter
853 1309 1002 1355 adparet,
1019 1312 1196 1355 quomodo
1215 1326 1354 1349 mortuo
1373 1319 1472 1352 Petro
1487 1317 1707 1356 succederent

92 1359 179 1398 „alii
196 1360 319 1396 summi
339 1357 515 1406 pontifices
535 1359 569 1393 in
587 1359 717 1404 aequali
739 1358 919 1405 potestate,
948 1362 1027 1405 quia
1044 1361 1100 1396 illa
1116 1361 1261 1408 potestas
1281 1364 1426 1401 esavium
1454 1378 1524 1402 erat
1548 1370 1585 1402 in
1604 1370 1704 1404 eccle-

91 1409 166 1448 22‘fia
195 1439 202 1446 .
231 1438 238 1445 .
268 1428 277 1445 ;
303 1412 399 1445 Hinc
416 1421 552 1444 mortuo
574 1411 670 1444 Petro
688 1410 798 1454 potest
817 1409 939 1453 eligere
957 1409 1193 1453 successorem,
1248 1426 1281 1449 et
1297 1415 1459 1461 eligendo
1485 1417 1617 1454 confert
1632 1431 1705 1459 eam

92 1450 332 1506 „potestatem
384 1462 464 1494 Hoc
482 1458 569 1492 idem
590 1470 682 1503 patet
700 1461 733 1493 in
754 1460 1075 1498 communitatibus,
1104 1461 1126 1497 fi
1148 1463 1238 1499 enim
1257 1464 1370 1509 aliqua
1395 1469 1623 1503 communitas
1649 1469 1704 1507 vel

83 1522 111 1549 5,
123 1509 306 1556 collegium
323 1507 388 1550 est,
415 1509 463 1542 ibi
484 1508 548 1541 erit
563 1506 772 1553 jurisdiffim
800 1519 832 1543 et
849 1510 928 1552 quia
945 1523 1013 1544 non
1039 1510 1149 1556 potest
1174 1513 1401 1549 administrati
1426 1529 1489 1562 per
1509 1517 1704 1553 universam

96 1557 336 1598 „societatem
365 1555 618 1592 administratur
638 1569 702 1602 per
718 1569 824 1591 unum
847 1558 887 1592 de
905 1570 1167 1598 communitate.-
1203 1576 1272 1599 non
1299 1562 1344 1598 est
1369 1576 1481 1600 tamen
1506 1566 1703 1613 jurisdistio

94 1609 162 1647 „in
184 1608 259 1648 illo,
287 1609 332 1643 ita
350 1607 441 1652 quod
460 1619 530 1642 non
550 1606 588 1641 fit
607 1607 639 1640 in
657 1607 904 1642 communitate
917 1633 925 1648 ‚
954 1607 1008 1643 sed
1026 1609 1196 1656 est-magis
1213 1614 1248 1647 in
1269 1616 1531 1654 communitate,
1561 1619 1637 1661 quia
1648 1630 1704 1651 an-

92 1667 260 1702 „tequam
275 1657 331 1692 ille
351 1656 572 1692 constituatur
591 1657 624 1690 in
637 1656 789 1702 judicem
806 1657 858 1690 vel
875 1655 1043 1692 restorem
1055 1684 1063 1697 ,
1098 1661 1226 1696 nullam
1243 1662 1342 1698 habet
1359 1663 1625 1711 jurisdiffionem
1643 1666 1703 1709 ilio

93 1719 265 1746 „mortuo
285 1707 337 1742 vel
355 1706 511 1746 cadente,
539 1718 607 1740 non
626 1707 765 1751 penitus
785 1707 913 1751 expirat
931 1705 1142 1753 jurisdifflo:
1178 1711 1288 1756 potest
1313 1713 1398 1748 alius
1424 1714 1564 1760 praefici
1589 1715 1622 1749 in
1649 1729 1701 1750 re-

91 1777 113 1794 „
125 1754 254 1792 storem
271 1756 324 1791 vel
342 1756 505 1804 judicem,
534 1768 601 1791 non
620 1767 731 1790 tamen
748 1755 853 1801 posiet
867 1756 932 1791 hoc
953 1755 1036 1796 fieri,
1056 1756 1078 1790 fi
1096 1771 1165 1793 non
1184 1772 1333 1796 maneret
1346 1762 1537 1810 juris‘distio
1556 1765 1592 1799 in
1608 1777 1701 1800 com-

91 1803 305 1844 „mimitatez
358 1818 443 1852 ergo
461 1805 531 1852 ipsa
548 1808 773 1841 communitas
799 1806 897 1840 habet
914 1807 1021 1851 magis
1038 1806 1320 1854 jurisdiCtionem.
1371 1813 1495 1848 Adhuc
1512 1826 1603 1860 patet
1621 1815 1702 1851 hoc,

91 1856 194 1900 „quia
213 1855 289 1891 sede
307 1867 441 1890 vacante
457 1855 642 1901 capitulum
665 1856 762 1890 habet
773 1857 896 1891 omnia,
909 1869 993 1900 quae
1014 1860 1187 1901 pertinent
1205 1861 1243 1894 ad
1260 1859 1517 1907 jurisdiRionen
1542 1863 1703 1910 praelati:

90 1928 110 1944 ‚,
123 1905 200 1940 licet
217 1917 286 1940 non
303 1918 349 1946 ea,
371 1918 455 1950 quae
474 1904 551 1940 sunt
569 1905 699 1950 ordini—s
718 1934 727 1941 ,
755 1934 762 1940 .
792 1932 799 1940 .
827 1932 834 1940 .
862 1908 954 1950 Ergo
974 1906 1118 1948 videtur,
1140 1910 1233 1953 quod
1249 1910 1440 1956 jurisdistio
1458 1912 1514 1947 issa
1524 1912 1701 1949 radicaiius

91 1967 191 1994 „erat
209 1956 243 1990 in
262 1954 393 1990 ecclesia
410 1967 513 1998 quam
533 1956 567 1989 in
586 1955 755 2000 praelato:
785 1968 852 1989 non
870 1966 981 1989 tamen
999 1956 1137 1991 haberet
1155 1970 1226 1993 eam
1247 1959 1377 1995 ecclesia
1396 1961 1455 1995 nisi
1475 1962 1509 1996 in
1528 1963 1701 2009 principio

88 2026 108 2041 2,
118 2005 147 2040 ei
165 2004 286 2040 tradita
306 2001 442 2042 fuisset,
497 2006 576 2049 quia
599 2002 791 2052 jurisdifitio
802 2004 943 2039 clavium
961 2017 1029 2039 non
1049 2006 1093 2041 est
1109 2007 1192 2049 talis,
1210 2009 1321 2053 quales
1341 2009 1419 2045 sunt
1432 2009 1700 2058 jurisdiEfiones,

89 2076 108 2094 ‚‚
120 2066 203 2100 quas
222 2052 432 2089 constituunt
457 2053 518 2088 sibi
542 2055 717 2091 homines,
768 2056 846 2099 qnia
867 2066 943 2088 cum
962 2054 1155 2100 jurisdistio
1179 2057 1218 2093 {it
1239 2059 1273 2092 in
1290 2060 1495 2095 remittendo
1511 2073 1645 2107 peecata
1666 2074 1698 2097 et

91 2103 277 2150 „ligando,
305 2115 374 2138 non
393 2102 532 2150 possunt
545 2117 616 2138 eam
634 2104 789 2139 homines
809 2103 868 2137 fibi
884 2101 1029 2149 fingere,
1059 2106 1115 2141 sed
1133 2109 1235 2142 aDeo
1253 2106 1327 2144 solo
1338 2107 1401 2148 est,
1428 2123 1505 2146 cum
1522 2111 1594 2156 ipse
1605 2111 1697 2146 solus

93 2154 270 2193 „remittat
286 2164 436 2200 peccata,
464 2155 500 2188 in
520 2153 651 2188 ecclesia
668 2165 779 2188 autem
797 2151 841 2187 est
865 2151 922 2187 ista
948 2153 1147 2200 jurisdifflo,
1199 2160 1292 2204 Ergo
1309 2170 1459 2205 oportet,
1487 2161 1579 2205 quod
1604 2160 1698 2199 illam

91 2202 302 2247 „aliquando
319 2203 501 2251 acceperit,
528 2215 560 2238 et
578 2204 640 2238 hoc
659 2217 728 2238 non
747 2201 824 2245 fuir,
842 2202 900 2238 nisi
918 2215 995 2238 cum
1013 2205 1127 2251 primo
1141 2207 1280 2243 traditae
1296 2207 1373 2244 sunt
1386 2211 1495 2245 claves
1512 2222 1530 2244 a
1546 2209 1697 2247 Christo.

93 2251 172 2293 „Et
187 2253 304 2300 quaest.
323 2265 380 2300 49.
407 2252 536 2290 ecclefia
557 2252 694 2303 suscipit
711 2253 820 2292 claves
838 2266 857 2290 a
873 2251 1025 2291 Christo,
1061 2267 1093 2291 et
1107 2256 1250 2304 apostoli
1276 2269 1448 2308 tamquam
1473 2257 1621 2344 ministr-li
1644 2272 1697 2297 ee-

648 2326 653 2331 .
751 2319 753 2321 >
892 2305 924 2347 Q
952 2315 974 2350 q
1002 2316 1020 2338 2
1523 2320 1603 2352 „ecc
1618 2321 1649 2345 e—
