1982 2739
302 210 376 260 '³24
534 201 607 249 DE
632 198 918 252 ANTt-Q'UA
942 195 1632 244 -εοιὲιᾳιεειῑίῖίύιεεϊιᾱιῐιὶυγἶ

253 317 287 343 et
314 303 477 341 Acacium
496 303 645 336 Romam
665 297 776 338 mitti,
803 297 974 346 adjiciens,
991 306 1030 332 ut
1039 293 1215 336 Acacium,
1233 294 1269 329 ni
1287 292 1406 341 sponte
1422 297 1565 330 Romam
1585 303 1788 342 properaret
1834 293 1880 330 ad.

255 354 439 392 dicendam
459 350 589 387 causam
608 349 759 383 citarent.
1799 320 1808 336 '

354 405 405 439 111}
432 414 512 437 vero
533 398 619 434 nihil
639 404 771 452 eorum,
791 408 876 441 quae
893 395 928 430 in
946 393 1115 430 mandatis
1131 392 1310 428 habebant,
1329 388 1561 437 perfecerunt,
1583 392 1639 428 sed
1658 406 1735 430 cum
1756 394 1882 429 Acacio

251 453 563 492 communicarunt,
581 447 731 495 passique
748 445 841 487 sunt,
854 457 890 481 ut
906 446 996 480 Petri
1008 456 1134 480 nomen
1151 444 1186 478 in
1203 442 1351 490 dypticis
1362 434 1498 487 publice
1515 443 1722 478 recitaretur.
1753 447 1882 487 Quam.

250 506 375 542 obrem
396 503 434 538 hi
459 503 493 536 in
522 498 656 548 synodo
686 498 813 532 Romae
838 507 911 531 tum
934 494 1049 529 habita
1067 491 1209 528 accusati
1225 504 1244 527 a
1264 493 1511 526 communione
1530 492 1675 538 stspenfi
1697 493 1783 528 sunt.
1839 495 1880 528 In

254 555 371 590 eadem
402 550 536 600 synodo
560 548 724 588 sententia
746 544 1109 580 excommunicationis
1132 544 1170 578 in
1197 543 1358 577 Acacium
1383 541 1458 576 lata}
1514 545 1643 577 Verum
1670 542 1728 579 ista
1745 543 1881 580 nullum

254 604 365 641 robur
388 601 508 636 habuit
536 600 571 633 in
599 599 750 637 oriente,
777 607 837 630 nec
855 595 948 630 enim
961 591 1180 643 joannes'est
1203 589 1387 630 restitutus,
1410 603 1470 626 nec
1484 593 1642 638 Mongus
1663 605 1720 629 aut
1738 594 1880 629 Aeacius

256 653 393 691 sedibus
414 651 482 686 suis
500 647 672 683 exturbati
696 645 783 681 sunt.

354 704 406 737 Ex
429 701 483 735 his
501 698 633 743 colligit
652 699 769 730 Petrus
791 694 831 729 de
852 694 978 734 Marca,
997 692 1034 727 in
1050 689 1152 726 caulis
1171 688 1251 724 fidei
1267 690 1309 725 ad
1327 692 1524 725 Romanum
1541 689 1741 739 episcopum
1763 690 1884 738 appel-

258 753 321 788 lari
346 749 441 797 posse
465 750 564 782 etiam
590 745 634 780 ab
651 745 800 781 orientis
819 742 972 791 synodis,
1025 745 1157 777 Verum
1176 738 1263 775 istud
1283 739 1476 786 exemplum
1498 753 1567 775 non
1588 742 1723 777 videtur
1741 741 1782 775 ad
1802 753 1883 788 pro·

255 801 404 849 positum
431 799 620 845 pertinere*⁷
647 796 801 841 primum
828 794 919 827 enim
946 791 1080 826 nullum
1105 800 1178 824 erat
1199 788 1369 837 judicium
1396 791 1430 824 in
1447 792 1614 837 Joannem
1633 791 1742 826 latum
1762 792 1795 825 in
1816 790 1884 826 ulla

255 851 411 901 synodo,
436 847 493 883 sed
521 857 650 880 tantum
676 856 741 891 per
763 844 835 877 vim
857 854 878 876 a
902 843 1041 887 Mongo
1069 837 1266 874 exturbatus
1289 836 1402 874 fuerat
1430 838 1635 884 suffragante
1661 843 1871 886 imperatore

258 914 321 937 nec
339 908 554 946 repugnante
572 894 713 934 Acacio,
741 890 880 937 quando
898 892 1006 936 igitur
1023 889 1104 925 dicit
1121 887 1300 923 Liberatus
1319 900 1396 922 eum
1422 879 1600 934 appellasse
1612 915 1620 929 ‚
1649 903 1716 925 non
1736 865 1883 937 proprie

258 952 295 987 id
314 946 550 995 accipiendum
570 942 660 990 quasi
681 941 838 990 aiudicio
850 942 884 975 in
897 939 1007 975 selato
1019 949 1228 986 provocarit,
1247 936 1302 972 sed
1315 938 1392 982 quia
1408 948 1545 972 vexatus
1557 937 1716 986 confugit
1736 951 1768 975 et
1777 950 1885 987 opem

260 999 463 1046 imploravit
480 1009 498 1031 a
516 994 592 1030 sede
609 991 800 1040 apostolica.
828 990 980 1025 Secundo
999 990 1080 1024 hinc
1097 986 1236 1033 quidem
1244 986 1594 1032 apparetponrificern
1605 968 1798 1024 Romanum
1811 989 1883 1036 ejus

262 1047 458 1086 restituendi
468 1058 500 1080 et
509 1045 622 1080 Aeacii
634 1043 676 1077 ad
687 1039 818 1077 causam
829 1039 1007 1074 dicendam
1018 1036 1241 1084 evocandijus
1251 1035 1313 1070 fibi
1324 1035 1502 1072 vindicasse
1511 1035 1698 1074 secundum
1711 1038 1885 1074 Sardicen-

258 1099 308 1135 sts
318 1109 460 1135 canones
470 1106 502 1130 et
511 1095 622 1141 legem
630 1089 880 1129 Valentiniani:
900 1100 937 1130 ,at
947 1087 1128 1124 orientales
1140 1085 1229 1122 istud
1240 1085 1293 1133 jus
1302 1085 1460 1133 pontifici
1468 1085 1619 1122 detulisse
1633 1100 1671 1123 ex
1682 1088 1733 1123 his
1742 1081 1885 1124 minime

257 1149 435 1197 probatur.
462 1146 585 1181 Tertio
595 1140 950 1192 JoannesTalaianon
963 1138 1278 1174 omninoinnocens
1290 1136 1437 1172 videtur.
1466 1137 1607 1183 Quippe
1617 1138 1887 1186 quicontrajus.

257 1197 443 1248 jurandum
459 1195 647 1241 proprium
664 1193 706 1227 ad
723 1189 835 1226 sedem
852 1188 1118 1224 Alexandrinam
1136 1186 1231 1222 foret
1251 1185 1397 1222 evestuS.
1424 1189 1503 1221 Nec
1514 1189 1657 1223 Aeacius
1667 1189 1752 1223 adeo
1762 1199 1886 1222 nocens

260 1259 343 1285 erat,
351 1258 429 1281 cum
439 1248 558 1278 Petrus
568 1245 734 1286 Mongus,
744 1252 819 1273 cum
828 1250 899 1282 quo
909 1239 1189 1272 communionem
1202 1235 1354 1274 habebat,
1373 1235 1595 1279 profiteretur
1605 1237 1636 1270 {e
1648 1236 1768 1284 synodi
1780 1236 1884 1271 Chal.

259 1292 455 1334 cedonenlis
473 1291 613 1326 decretis
629 1289 823 1322 adhaerere.
867 1288 1000 1327 Quarto
1019 1284 1115 1318 Felix
1131 1285 1168 1316 in
1187 1283 1250 1316 hac
1269 1281 1365 1316 causa
1383 1282 1415 1316 se
1429 1281 1524 1327 geffit
1541 1294 1671 1320 rantum
1687 1298 1724 1321 ut
1740 1298 1885 1330 exequu-

259 1357 370 1383 torem
390 1339 528 1378 concilii
549 1333 849 1374 Chalcedonensis:
877 1333 970 1367 unde
987 1334 1127 1371 merito,
1151 1330 1263 1374 inquit
1283 1330 1376 1364 Felix
1395 1331 1437 1366 ad
1456 1333 1704 1369 Vetranionem
1739 1334 1883 1382 praecli-

258 1398 330 1432 [ἕως
349 1393 487 1430 Aeacius
513 1388 706 1434 apostolicae
723 1383 817 1429 sedis
841 1394 924 1430 quae
942 1394 1030 1416 nunc
1048 1382 1252 1427 exequutrix
1270 1383 1387 1428 utique
1395 1383 1499 1428 saepe
1515 1381 1602 1417 diffi
1624 1360 1884 1433 Chalcedonensis

258 1444 390 1480 concilii
405 1452 471 1487 pro
485 1437 557 1480 fide
575 1435 732 1469 catholica
748 1441 825 1466 tunc
837 1430 979 1477 probati
996 1440 1063 1462 non
1077 1429 1206 1474 defuit.

362 1489 467 1525 Unde
491 1483 647 1520 Gelafius
672 1483 708 1515 in
735 1477 830 1525 epist.
856 1477 898 1512 ad
916 1475 1076 1512 Faustum
1092 1478 1150 1516 ait,
1164 1474 1366 1512 decessorem
1383 1476 1482 1514 suum
1501 1483 1628 1516 veteris
1646 1493 1706 1517 exe
1729 1491 1882 1521 uictorem

263 1541 372 1591 fuiffe
393 1550 459 1574 non
480 1535 632 1572 novellae
647 1530 855 1577 sanfiionis,
883 1528 987 1575 quod,
1017 1526 1147 1571 inquit,
1171 1526 1328 1572 praesuli
1353 1538 1421 1561 non
1441 1530 1549 1572 solum
1573 1496 1742 1578 apostolitclo
1761 1536 1882 1579 facere

262 1595 351 1631 licet,
378 1588 432 1632 sed
448 1589 629 1631 cuicunque
647 1578 813 1628 pontifici.
867 1578 961 1613 Hinc
977 1587 1068 1623 patet
1086 1575 1233 1610 Felicem
1251 1574 1337 1609 nihil
1355 1576 1391 1610 in
1408 1576 1470 1612 hac
1487 1576 1581 1613 causa
1599 1579 1722 1624 geffiffe
1766 1594 1804 1618 ro
1833 1583 1884 1619 ria

263 1641 456 1678 autoritate,
465 1635 521 1670 sed
533 1643 663 1669 tantum
681 1629 883 1664 authoritate
894 1625 1172 1661 chalced-onenfis
1186 1623 1332 1661 concilii.
1584 1614 1585 1617 ¹
1739 1593 1762 1628 P
1807 1595 1830 1630 p
1870 1631 1872 1634 >

364 1688 499 1732 Quinto
525 1681 659 1720 eausam
682 1679 823 1728 joannis
839 1676 978 1711 Talaiae
1001 1688 1073 1710 non
1092 1674 1182 1712 solus
1196 1673 1361 1723 judicavit
1378 1675 1489 1717 Felix,
1517 1674 1621 1713 sedin
1641 1676 1776 1726 synodo
1797 1681 1882 1718 occi·

264 1739 463 1778 dentalium.

366 1791 467 1824 Sexto
486 1781 581 1820 causa
597 1778 739 1830 Joannis
754 1777 797 1813 ad
821 1780 1016 1812 Romanum
1034 1771 1231 1822 pontificem
1249 1784 1288 1807 ex
1311 1775 1495 1821 utriusque
1514 1776 1620 1822 partis
1640 1776 1805 1814 consensu
1824 1778 1885 1814 de.

264 1839 483 1876 volvebatur,
511 1846 587 1868 nam
612 1844 649 1867 ut
674 1829 762 1865 testis
787 1826 937 1862 Gelasius
961 1825 1054 1871 epist.
1088 1836 1141 1868 13.
1166 1823 1306 1859 Aeacius
1327 1824 1362 1860 et*
1376 1826 1566 1873 imperator
1587 1825 1817 1873 promiserant
1832 1828 1881 1864 le.

266 1891 363 1937 gatis,
393 1898 463 1921 eam
481 1884 549 1919 sedi
567 1879 773 1928 apostolicae
790 1877 851 1912 effe
879 1874 1124 1911 reservandam.
1771 1890 1780 1898 .

365 1937 515 1981 Septimo
538 1930 720 1979 peculiaris
738 1939 808 1963 erat
826 1928 922 1966 ratio,
943 1937 1088 1972 propter
1103 1934 1203 1969 quam
1218 1923 1368 1969 Joannes
1385 1921 1708 1971 Talaiaapontifice
1724 1926 1880 1962 Romano

268 1985 471 2037 judicandus
495 1994 589 2025 erat3
618 1981 696 2026 quia
720 1990 798 2012 cum
829 1975 906 2010 esset
921 1974 1083 2010 secundae
1102 1972 1185 2008 sedis
1203 1970 1403 2017 episcopuS,
1430 1973 1590 2009 indecens
1609 1973 1787 2010 videbatur
1802 1987 1882 2011 eum

266 2038 308 2073 ab
333 2036 399 2071 alia
426 2033 499 2068 sede
516 2043 618 2076 quam
634 2043 654 2065 a
674 2028 788 2075 prima
805 2026 967 2073 judicari,
994 2036 1030 2059 ut
1049 2025 1147 2059 docet
1165 2019 1313 2059 Gelasnus
1330 2021 1423 2066 epist.
1450 2034 1504 2064 13.
1557 2026 1606 2059 Ex
1624 2023 1676 2059 his
1692 2022 1824 2059 abunde
1843 2024 1884 2060 li.

268 2098 352 2132 quet
379 2082 508 2119 causam
527 2080 620 2115 istam
640 2078 780 2126 Joannis
800 2076 938 2110 Talaiae
957 2076 991 2110 in
1010 2071 1203 2121 exemplum
1218 2064 1494 2117 appellationum
1513 2073 1603 2109 trahi
1621 2073 1762 2109 minime
1779 2073 1873 2120 posse

267 2150 305 2172 ut
323 2150 340 2171 a
364 2138 461 2169 Petro
482 2132 522 2166 de
540 2132 657 2166 Marea
674 2124 801 2162 fastum
821 2125 878 2160 est.
1875 2097 1885 2112 ³

365 2188 497 2219 Verum
521 2180 612 2215 idem
638 2177 748 2213 multo
778 2176 917 2222 gravius
943 2184 1048 2214 errat,
1073 2183 1153 2208 cum
1175 2171 1256 2206 dicit
1273 2171 1307 2205 in
1325 2169 1443 2206 eodem
1462 2171 1572 2217 capite
1598 2174 1772 2207 Romanos
1798 2171 1884 2206 ami-

267 2234 357 2271 stites
384 2235 418 2268 in
446 2229 549 2266 causis
575 2228 654 2264 fidei
683 2228 829 2273 primam
855 2225 896 2259 ad
923 2223 955 2258 se
985 2235 1097 2259 earum
1123 2222 1360 2266 cognitionem
1380 2219 1530 2261 traxisse3
1558 2221 1667 2254 miror
1682 2220 1714 2255 id
1736 2219 1884 2257 excidisse
1911 2216 1917 2222 ¹

266 2287 342 2320 viro
370 2282 514 2333 justitiae
531 2291 563 2316 et
587 2277 781 2325 disciplinae
799 2273 1028 2311 ecclesiasticae
1050 2283 1120 2307 tam
1142 2270 1268 2318 perito.
1321 2270 1411 2314 Quis
1425 2270 1518 2304 enim
1539 2267 1662 2308 nescit,
1683 2282 1800 2306 omnes
1818 2268 1883 2306 fer.

1776 2331 1833 2355 me
