1961 2718
293 242 361 278 408
570 228 941 281 DE-ANTIQVA
968 213 1255 263 ecctss'sm
1281 218 1620 263 nisciemNA

244 323 340 359 modi
359 329 500 356 conatu:
526 319 685 365 precibus
701 328 853 358 tantum,
883 312 1175 350 exhortationibus
1199 324 1235 348 ac
1259 313 1400 347 monitis
1427 312 1555 348 litteras
1576 314 1716 361 implet,
1753 322 1786 350 et
1813 313 1867 349 di.

247 374 332 408 ,scite
351 370 506 409 testatur,
535 369 567 403 ie
585 367 670 402 nihil
683 365 778 414 posse
791 368 825 401 in
839 367 912 414 ejus
927 376 1072 411 regnum
1084 389 1093 405 ,
1122 361 1163 397 {ic
1175 362 1329 407 loquitur
1348 359 1441 408 epist.
1459 374 1486 396 1.
1501 363 1543 397 ad
1558 375 1637 398 eum
1651 363 1786 410 scripta.
1824 363 1875 400 Te

247 421 460 468 obtestamur,
487 428 526 454 ut
542 420 779 466 arrogantiam
800 417 960 464 deponas,
988 422 1021 449 et
1033 411 1243 460 superbiam,
1271 425 1336 460 qua
1358 407 1574 461 circumfluis,
1610 414 1779 460 multaque
1802 426 1872 448 cum

243 473 436 507 limnilitate
442 469 570 516 sincere
589 478 686 502 aures
706 465 798 502 nobis
816 463 1046 500 accommodes.-
1071 474 1103 497 et
1119 459 1194 509 post
1212 461 1294 499 alias
1327 461 1416 508 testis
1443 462 1485 507 est
1510 461 1621 502 Deus,
1655 464 1874 511 quascumque

249 522 296 556 ad
312 533 368 554 nos
387 518 497 565 misisti
515 516 663 564 epistolas
683 514 821 557 auribus
839 513 1055 561 cordibusque
1081 523 1199 561 regum
1225 511 1404 546 occidentis
1432 510 1626 548 obtulimus,
1659 523 1771 558 pacem
1799 514 1874 547 illo.

247 582 323 606 rum
341 581 379 603 ac
403 567 665 602 benevolentiam
687 564 754 600 tibi
771 565 1001 603 conciliantes,
1028 571 1127 609 teque
1147 559 1341 601 laudantes,
1369 573 1406 595 ac
1425 558 1565 601 mirifice
1592 559 1790 606 qfferentes.
1805 589 1812 596 .
1825 588 1832 595 .
1847 587 1876 596 ..

249 617 385 664 Quodsi
403 615 496 651 nobis
514 616 673 659 insultes,
699 623 731 648 et
747 615 854 648 minas
869 615 1034 651 intentes,
1061 622 1129 644 non
1155 610 1197 654 eli
1215 609 1311 645 nobis
1336 609 1452 656 nectffe
1477 610 1615 656 longum
1637 612 1674 644 in
1703 618 1879 646 certamen

248 667 470 713 descendere,
495 663 541 698 ad
557 672 704 711 quatuor
720 671 754 696 et
775 663 908 710 viginti
931 659 1038 705 stadia
1054 659 1187 704 secedet
1211 662 1247 693 in
1271 661 1442 706 regionem
1469 659 1673 704 Campaniae
1700 659 1878 695 Romanus

247 719 429 766 pontiftx,
455 724 493 749 tu
512 713 598 748 vade
613 720 645 747 et
663 720 775 746 ventos
791 712 1000 757 persequere.
1055 709 1098 743 Et
1115 720 1170 753 ep.
1192 719 1222 742 2.
1241 704 1331 742 testis
1352 705 1415 746 est,
1441 705 1473 740 se
1490 719 1558 740 non
1583 708 1690 753 magis
1722 707 1823 753 poss'e
1841 708 1877 743 in

250 767 418 813 palatium
435 761 678 807 introspicere,
705 771 762 794 aut
777 759 959 804 dignitates
980 757 1091 801 regias
1110 753 1243 790 deferre
1263 768 1364 799 quam
1383 755 1575 801 imperator
1592 756 1879 802 habeatpotesta-

250 829 320 851 tem
340 811 601 858 introspiciendi
620 810 654 842 in
677 806 864 846 ecclesiam,
891 803 1123 851 etelestiones
1150 803 1186 837 in
1214 803 1304 837 clero
1329 804 1525 848 peragendi.
1581 804 1778 850 Additque,
1809 804 1874 842 fibi

251 879 321 900 non
344 864 444 898 licere
461 871 554 894 arma
570 868 707 892 movere
725 857 759 889 in
779 867 856 889 eum
869 879 877 894 ,
905 853 961 888 sed
980 864 1112 887 tantum
1128 851 1285 897 precibus
1303 851 1460 886 divinum
1477 850 1645 887 auxilium
1664 853 1878 900 implorare:

251 914 461 963 persequeris
479 921 552 947 nos,
581 906 711 950 inquit,
742 913 775 940 et
795 905 974 951 tyrannice
992 914 1094 937 vexas
1110 902 1259 936 militari
1277 903 1471 948 carnalique
1496 913 1613 942 manu,
1647 913 1704 937 nos
1727 906 1877 940 inermes

252 978 289 998 ac
307 961 409 999 nudi,
437 960 494 1006 qui
513 965 663 991 terrenos
683 963 716 990 et
735 954 885 988 carnales
906 954 1069 987 exercitus
1088 963 1157 987 non
1180 949 1354 988 lzabemun
1390 953 1577 985 invocamus
1601 954 1794 999 principem
1819 965 1877 988 ex-

253 1015 376 1047 ercitus
395 1010 494 1043 omnis
513 1014 692 1041 creaturae
701 1003 871 1049 sedentem
889 1004 926 1038 in
941 1002 1054 1042 coelis,
1083 1009 1121 1036 ut
1139 1002 1306 1035 immittat
1310 999 1378 1048 fibi
1395 999 1600 1039 daemonem,
1613 999 1721 1046 (ficut
1731 1004 1782 1037 ait
1791 1014 1872 1049 apo-

250 1061 376 1108 fiolus)
404 1056 543 1093 tradere
559 1053 752 1100 hujusmodi
768 1053 924 1087 hominem
935 1053 1080 1097 satanae
1097 1053 1133 1085 in
1149 1052 1330 1084 interitum
1348 1052 1478 1086 carnis,
1505 1057 1545 1085 ut
1554 1050 1706 1096 spiritus
1725 1053 1797 1098 ejus
1800 1052 1872 1096 sal.

253 1123 317 1146 vus
332 1109 406 1152 fiat.
457 1105 585 1140 Siccine
601 1104 796 1148 loqueretur
815 1101 1029 1147 Gregorius,
1079 1098 1103 1134 fi
1127 1099 1158 1134 se
1186 1098 1335 1143 aliosque
1360 1098 1464 1133 I-talos
1492 1097 1533 1132 ab
1551 1100 1771 1145 imperatoris
1790 1101 1873 1136 obe·

256 1159 382 1194 dientia
404 1152 626 1193 subtraxiiiet,
654 1163 712 1186 aut
729 1149 906 1197 veffigalia
923 1152 953 1185 ei
972 1149 1057 1185 solvi
1075 1147 1322 1196 prohibuisset,
1350 1159 1408 1183 aut
1425 1147 1540 1183 saltem
1559 1148 1594 1182 id
1622 1145 1730 1184 facere
1746 1150 1780 1184 in
1799 1151 1872 1185 ani-

258 1221 317 1244 mo
334 1203 511 1241 habuisset.
564 1206 619 1237 An
639 1200 802 1236 credibile
819 1200 882 1238 est,
909 1212 998 1240 eum,
1019 1201 1079 1244 qui
1098 1211 1166 1234 tam
1185 1197 1271 1232 clare
1291 1196 1513 1245 protestatur,
1542 1196 1603 1232 fibi
1621 1209 1690 1232 non
1717 1197 1781 1233 eise
1805 1211 1872 1246 po.

256 1258 407 1292 testatem
419 1250 719 1298 introspiciendiin
732 1250 896 1296 palatium
909 1275 919 1288 ,
946 1263 963 1284 a
979 1261 1017 1284 ut
1029 1248 1330 1295 regiauiignitfltes
1347 1246 1541 1285 deferendi,
1569 1246 1780 1290 existimasse,
1808 1248 1872 1284 fibi

256 1305 454 1353 potestatem
471 1301 531 1336 else
549 1300 709 1346 privandi
727 1301 969 1343 imperatorem
986 1310 1090 1343 regno
1108 1309 1139 1332 et
1164 1295 1384 1343 veffigalibus
1411 1296 1473 1344 ipfi
1503 1295 1637 1332 debitis.

406 1349 580 1386 Secundo,
608 1348 751 1383 Carolus
771 1349 923 1392 Magnus
941 1348 976 1380 in
996 1344 1134 1391 epistola
1151 1346 1191 1379 ad
1210 1345 1466 1385 Constantinum
1495 1356 1527 1379 et
1553 1347 1708 1385 Irenem,
1747 1344 1871 1380 diffidii

257 1406 347 1440 inter
372 1400 562 1446 Gregorios
579 1396 762 1432 secundum
783 1407 814 1432 et
831 1397 988 1434 tertium,
1016 1406 1052 1428 ac
1070 1397 1242 1434 Leonem,
1280 1393 1488 1428 mentionem
1513 1391 1656 1432 faciens,
1691 1392 1778 1428 testis
1805 1393 1869 1435 est,

263 1454 342 1489 iilos
365 1448 542 1497 pontifices
560 1445 718 1493 precibus
743 1456 875 1480 tantum
903 1443 993 1490 apud
1022 1445 1264 1488 imperatorem
1290 1443 1452 1488 imagines
1476 1440 1677 1477 defendisse:
1731 1443 1870 1491 Neque,

263 1504 391 1547 inquit,
418 1501 518 1535 aliter
529 1496 637 1540 fiebat
657 1494 859 1541 inpartibus
881 1504 913 1528 et
930 1508 943 1527 1·-
952 1491 1124 1539 egionibus
1141 1492 1227 1537 istis,
1256 1491 1354 1524 donec
1370 1502 1518 1537 proavus
1536 1491 1639 1537 vester
1657 1503 1697 1527 ex
1707 1495 1871 1540 imperio-

264 1565 335 1587 rum
353 1547 567 1599 quorumdam
587 1545 801 1591 iustruc‘iione
821 1541 1026 1577 venerandas
1046 1543 1212 1586 imagines
1229 1538 1382 1586 abstulit,
1411 1551 1451 1573 ex
1476 1540 1538 1587 q‘uo
1564 1549 1712 1587 tempore
1731 1554 1871 1589 magnus

265 1615 360 1637 error
379 1600 551 1635 Graeciam
570 1596 661 1642 istam
679 1593 814 1638 invasit,
843 1592 931 1626 unde
949 1602 1014 1624 non
1033 1589 1302 1623 contemnendum
1313 1588 1510 1633 scandalum
1528 1591 1565 1623 in
1583 1590 1704 1624 mundo
1717 1592 1869 1636 fabium,

263 1664 328 1699 qua
347 1649 386 1684 de
405 1647 496 1692 causa
511 1649 547 1679 in
563 1654 714 1692 magnam
731 1640 985 1676 tribulationem
1004 1647 1143 1686 uterque
1161 1637 1349 1686 Gregorius
1378 1638 1524 1672 Romani
1545 1638 1720 1684 pontifices
1743 1651 1808 1686 per
1833 1652 1873 1675 ea

265 1710 416 1746 tempora
435 1694 685 1741 conjeHisunt,
706 1691 841 1736 saepius
856 1692 940 1724 enim
955 1699 1119 1735 proavum
1137 1689 1333 1730 serenitatis
1353 1685 1480 1733 vestrae
1505 1687 1737 1728 admonuerat,
1771 1701 1812 1724 ne
1823 1689 1872 1736 fi.

265 1758 361 1785 neret
378 1743 587 1781 venerandas
604 1744 768 1788 imagines
792 1739 832 1774 de
840 1738 934 1785 statu
950 1740 1010 1783 suo
1028 1738 1130 1783 dejici
1136 1751 1145 1769 .·
1173 1747 1287 1770 verum
1305 1737 1436 1770 illorum
1449 1747 1562 1782 preces
1579 1739 1788 1784 salutiferae
1802 1750 1871 1780 ,ne-

263 1801 433 1848 quicquam
454 1796 551 1840 fuJae
561 1792 644 1836 sunt
659 1791 864 1836 animamque
885 1789 975 1822 illins
992 1785 1083 1821 haud
1096 1784 1271 1834 quidquam
1289 1794 1540 1820 commoverunt.

415 1843 539 1878 Tertio
557 1839 680 1876 Paulus
699 1838 782 1872 diac.
801 1838 822 1872 l.
847 1843 877 1872 6.
897 1836 937 1871 de
955 1835 1054 1881 gestis
1074 1832 1291 1880 Longobard.
1309 1845 1336 1868 c.
1358 1846 1404 1877 49
1446 1832 1548 1869 refert
1567 1835 1716 1881 Gregor.
1733 1836 1777 1870 11.
1806 1835 1870 1872 im·

265 1892 443 1943 pediviffe‚
473 1905 512 1927 ne
530 1890 602 1926 Itali
621 1888 727 1924 alium
749 1885 807 1922 sibi
827 1887 1070 1932 imperatorem
1089 1895 1256 1920 crearent,
1286 1895 1326 1918 eo
1340 1881 1473 1929 rejeflo.
1526 1886 1680 1919 Tantum
1697 1883 1804 1922 abest,
1830 1895 1868 1921 ut

267 1948 294 1980 ei
316 1942 492 1989 vet’tigalia
513 1939 598 1976 solvi
615 1938 776 1977 vetuerit,
807 1949 837 1971 et
856 1935 899 1970 sic
917 1948 993 1969 eum
1013 1934 1150 1980 imperii
1168 1943 1265 1979 parte
1283 1932 1464 1969 mulstarir.
1519 1933 1656 1974 Omnes,
1685 1934 1798 1978 inquit
1814 1934 1870 1971 hie

265 1994 428 2040 scriptor,
479 1992 660 2025 Ravennae
687 1989 851 2022 exercitus
875 1987 927 2019 vel
947 1986 1164 2019 Venetiarum
1181 1981 1306 2018 talibus
1323 1982 1415 2030 juffis
1443 1983 1675 2029 (imperatoris
1696 1981 1815 2018 edistis
1826 1983 1871 2019 de

269 2039 499 2079 subvertendis
519 2036 747 2083 imaginibus>
765 2035 1004 2080 restituerunt.
1039 2042 1072 2068 et
1090 2033 1147 2079 nist
1174 2043 1222 2066 ἑοῖ
1244 2031 1466 2078 prohibuisset
1485 2035 1663 2079 Pontifex»
1691 2035 1868 2080 imperau-

269 2105 336 2128 rem
348 2093 451 2138 super
463 2090 500 2134 se
525 2086 715 2133 constituere
731 2085 878 2131 fuiffent
898 2082 1049 2131 aggreffi.
1079 2081 1200 2116 Eadem
1219 2079 1319 2115 habet
1337 2082 1468 2126 Regino
1486 2081 1542 2117 lib.
1569 2094 1594 2116 i.
1613 2082 1741 2116 Chron.
1908 2125 1914 2129 ἱ

419 2141 551 2183 Quarto
574 2132 759 2170 Anastasius
781 2132 1058 2167 bibliothecarius
1076 2130 1114 2164 ad
1134 2141 1208 2164 ann.
1232 2134 1311 2172 6553.
1325 2128 1398 2163 fuse
1416 2143 1555 2165 narrans
1573 2143 1627 2171 ea,
1654 2142 1739 2174 quae
1755 2130 1791 2165 in
1802 2129 1870 2166 dis-

269 2191 350 2226 fidio
371 2189 478 2233 Greg.
498 2188 540 2222 11.
570 2197 600 2220 et
618 2184 740 2218 Leonis
760 2181 863 2217 Isauri
886 2181 962 2216 sunt
976 2181 1083 2227 gella,
1111 2178 1192 2213 nihil
1215 2177 1313 2212 habet
1331 2179 1371 2212 de
1391 2181 1734 2215 excommunicatione
1758 2181 1869 2226 impe-

272 2240 414 2278 sutoria,
465 2235 574 2271 multo
597 2234 709 2268 minus
738 2231 780 2266 de
802 2230 1017 2277 vectigalium
1044 2227 1273 2265 subn-afflone
1299 2226 1384 2275 julsu
1412 2228 1593 2274 pontificis.
1647 2231 1721 2264 Imo
1747 2229 1869 2264 differte

268 2292 329 2330 ait.
356 2287 572 2334 Gregorium
589 2283 691 2320 italos
709 2283 744 2318 in
764 2280 877 2320 officio
895 2291 927 2316 et
945 2279 1161 2327 imperatoris
1178 2276 1368 2314 obedientia
1387 2277 1597 2314 continuisse.
1649 2277 1868 2326 Juffionibus,

1686 2338 1815 2373 inquit,
