2023 2760
422 208 928 252 DISSERTATIONES
962 216 1334 259 HISTORICAE.
1640 238 1684 273 ¹7

114 304 205 330 none
228 305 283 341 17.
313 294 466 345 ejusdem
483 300 619 336 concilii
640 300 692 338 his
709 301 838 342 verbis,
855 303 909 352 sin
927 318 1036 343 autem
1055 312 1157 346 etiam
1172 311 1286 358 aliqua
1304 314 1426 349 civitas
1445 312 1486 350 ab
1511 317 1734 363 imperatoria

111 345 318 382 aussoritate
334 349 498 384 innovata
510 352 650 396 fuerit,
677 355 811 391 civiles,
838 363 871 389 et
890 357 1043 401 publicar
1062 362 1196 406 formas
1218 361 1498 407 ecclesiasticarum
1523 377 1651 414 quoque
1671 378 1734 413 pa·

110 395 300 431 rochiarum
316 396 397 431 ordo
413 401 642 447 consequatur.
696 403 790 438 Hinc
806 402 931 439 multas
949 406 1064 443 videre
1087 408 1133 444 est
1148 411 1183 444 in
1203 411 1393 455 provinciis
1419 424 1451 448 et
1476 414 1733 461 metropolibus

110 441 335 480 ecclesiasticis
353 448 569 489 mutationes,
592 462 675 495 quas
695 448 826 487 referre
843 452 984 501 longum
1005 454 1103 493 foret.
1159 461 1279 494 Unum
1297 459 1363 495 hoc
1388 461 1509 498 addam
1530 465 1565 498 in
1585 465 1732 501 concilio

109 491 280 530 Toletano
298 495 378 530 anni
400 500 480 532 610.
501 495 562 534 sub
577 498 753 537 Bonifacio
773 504 832 537 IV.
853 505 1140 551 metropoliticam
1159 507 1357 553 dignitatem
1377 512 1564 548 Toletanae
1581 513 1733 550 ecclefiae

107 540 258 580 assertam
276 542 375 580 fuisse
394 545 438 581 ob
454 546 557 594 ipsius
574 549 669 585 urbis
688 552 897 598 dignitatem⁴
953 555 1021 591 Sed
1035 556 1133 597 haec,
1162 557 1276 602 inquit
1290 558 1534 597 Gundemarus
1548 564 1581 597 in
1598 562 1730 611 synodo

108 602 191 628 tom.
217 605 245 638 5.
273 595 456 631 Conc.col.
483 602 588 642 1624.
618 602 693 647 ipsa
709 601 802 646 sedes
831 602 1042 651 (Toletana)
1066 606 1155 654 ficut
1173 607 1386 654 praediffum
1412 610 1475 656 est,
1503 615 1646 660 antiqua
1675 626 1730 649 no·

106 644 204 687 minis
229 645 282 687 lui
296 657 335 680 ac
354 646 459 692 nostri
474 649 565 684 cultu
581 650 738 696 imperii,
768 654 820 686 ita
839 661 872 687 et
891 657 996 690 totius
1016 659 1217 701 provinciae
1236 658 1363 703 polleat
1386 660 1528 707 ecclefiae
1553 661 1730 709 dignitate

106 700 140 727 et
154 695 339 739 praecellat
352 696 526 742 potestate.
579 700 712 735 Deinde
729 713 810 736 vero
831 701 983 738 decernit
1011 716 1083 740 eam
1109 703 1172 740 effe
1195 719 1265 742 non
1289 708 1396 743 modo
1422 710 1664 756 Carpetaniae,
1692 724 1730 748 ut

105 741 245 787 quidam
266 742 438 786 dicebant,
466 744 523 782 sed
546 749 652 783 totius
671 752 770 785 etiam
781 752 1052 799 Carthagine-usis
1070 756 1271 802 provinciae
1287 758 1508 804 metropolim
1520 785 1528 801 ,
1556 761 1635 805 quia
1653 760 1731 797 scie-

104 789 162 826 bat
178 794 304 838 ‘procul
322 793 425 830 dubio
443 796 670 844 Carpetaniae
684 804 858 850 regionem
875 814 942 838 non
961 803 1027 850 ΨΘ
1040 808 1273 851 provinciam,
1302 807 1366 853 sed
1387 818 1520 855 partem
1546 812 1730 861 Carthagi·

102 839 205 888 nenfis
226 845 441 888 provinciae.
470 873 478 881 .
507 873 515 882 .
544 856 578 882 et
597 847 635 883 ob
651 850 707 885 Ιιοσ
727 853 807 898 quia
823 863 890 887 una
908 852 951 899 ⁶1st
964 853 1140 902 eademque
1154 858 1349 903 provincia,
1358 858 1494 904 statuit,
1509 860 1638 905 utsicut
1648 864 1730 898 Boe-

102 891 190 931 tica,
217 891 389 936 Lusitania
409 895 464 929 vel
485 894 738 945 Tarraconenfis
750 903 933 947 provincia
951 904 1005 937 vel
1025 906 1173 953 reliquae
1187 905 1234 940 ad
1247 909 1351 955 regni
1369 910 1536 957 regimina
1553 914 1728 956 pertinen·

99 947 166 981 tes,
192 941 374 986 secundum
391 946 534 993 antiqua
548 955 689 992 patrum
706 949 844 986 decreta
851 951 1002 1000 singulos
1021 955 1201 998 noscuntur
1216 955 1337 991 habere
1356 959 1648 1004 metropolitanos,
1675 964 1728 998 ita

99 996 135 1024 et
160 990 432 1039 Carthaginenlis
456 999 673 1039 provinciae,
709 1011 812 1034 unum
841 1001 1061 1048 eumdemque.
1115 1006 1236 1048 Itaque
1260 1006 1295 1039 in
1319 1005 1490 1052 Hispania
1513 1007 1554 1042 ad
1577 1007 1728 1046 formam

100 1037 210 1074 civilis
227 1040 404 1084 regiminis
423 1040 620 1088 dispofitam
639 1045 810 1081 ecclesiam
825 1045 924 1082 fuisse
942 1048 1162 1086 certiffimurn
1181 1052 1236 1088 est.
1289 1056 1340 1089 Ut
1361 1066 1473 1090 autem
1491 1066 1620 1093 caetera
1645 1061 1724 1095 mit-

101 1096 189 1125 tam,
215 1086 281 1122 hoe
299 1091 486 1133 generatim
506 1091 583 1127 dico
600 1093 635 1126 in
654 1094 813 1129 omnibus
833 1095 926 1131 orbis
946 1097 1122 1143 partibus,
1149 1111 1285 1146 excepta
1303 1100 1437 1144 Africa,
1467 1104 1509 1139 de
1525 1117 1590 1149 qua
1606 1107 1723 1153 postea

100 1135 272 1177 dicemus,
299 1137 447 1174 ecclesias
470 1138 605 1186 semper
622 1142 743 1178 eodem
761 1141 833 1178 fere
848 1145 954 1180 modo
973 1145 1165 1183 distributas
1181 1148 1297 1191 fuisse,
1327 1164 1397 1196 quo
1424 1164 1455 1188 et
1474 1153 1614 1199 imperii
1637 1170 1724 1204 pro⁴

100 1187 246 1220 vincias:
275 1187 490 1232 metropoles
516 1189 744 1224 ecclesiasticas
768 1203 914 1226 annexas
943 1192 1079 1238 semper
1108 1207 1166 1229 aut
1185 1196 1258 1231 fere
1286 1198 1421 1244 semper
1439 1202 1616 1242 civilibus,
1642 1219 1722 1246 cum

100 1244 251 1268 mutatae
270 1231 346 1268 sunt
365 1235 482 1269 civiles
498 1239 721 1284 metropoles,
740 1250 883 1274 mutatas
895 1238 957 1274 effe
973 1253 1010 1274 ut
1026 1242 1222 1287 plurimum
1241 1246 1482 1284 ecclesiasticas.
1536 1253 1641 1288 Eccui
1659 1257 1723 1301 igi.

100 1293 156 1318 tur
174 1281 319 1318 dubium
337 1282 398 1318 effe
422 1283 540 1330 poffit,
570 1289 653 1330 quin
683 1286 776 1322 istius
802 1299 874 1324 tum
903 1287 1154 1328 distributionis
1180 1294 1409 1334 ecclesiarum,
1445 1308 1520 1333 tum
1546 1299 1721 1347 dignitatis

97 1332 366 1378 metropoliticae
384 1335 484 1382 origo
502 1346 540 1371 ex
557 1334 626 1373 sola
646 1338 786 1386 imperii
811 1337 1048 1376 distributione
1075 1352 1108 1377 et
1134 1342 1273 1381 urbium
1298 1344 1451 1393 ipfiarum
1476 1347 1642 1396 dignitate
1668 1367 1722 1391 re.

95 1382 240 1431 petenda
265 1380 331 1418 fit?

779 1513 806 1556 §.
857 1517 1029 1556 v111.

97 1608 358 1647 Provinciarum
385 1616 417 1646 et
444 1608 630 1660 dioeceseon
657 1611 938 1662 ecclesiasticarum
963 1615 1151 1666 distributio
1178 1619 1228 1657 ad
1243 1618 1399 1668 sormam
1422 1620 1554 1670 politici
1581 1628 1716 1677 regimi-

205 1673 258 1710 nis
276 1671 471 1722 summatim
497 1672 711 1724 describitur,
738 1680 771 1712 et
787 1678 994 1726 praecipuae
1019 1680 1052 1716 in
1079 1680 1138 1718 illa
1163 1685 1367 1721 mutationes
1392 1692 1612 1726 annotantur.

94 1758 310 1856 Imperium
329 1775 524 1812 Romanum
543 1788 561 1812 a
579 1774 797 1822 temporibus
817 1776 961 1823 Augusti
982 1779 1016 1813 in
1033 1779 1140 1815 varias
1157 1783 1354 1828 provincias
1371 1784 1594 1826 distributum
1615 1790 1714 1831 fuisse

161 1836 262 1859 nemo
282 1823 405 1865 nescit,
433 1824 629 1861 distributio
645 1826 727 1861 haec
744 1825 784 1860 ab
805 1827 985 1863 Hadriano
1001 1840 1032 1863 et
1050 1829 1162 1874 postea
1181 1833 1430 1869 aeonstantino
1446 1837 1623 1881 paululum
1642 1857 1716 1880 mu.

95 1883 161 1909 tata
176 1872 238 1914 est,
266 1885 368 1918 atque
384 1886 534 1910 accurata
551 1875 592 1910 ab
619 1874 681 1910 isto
700 1877 837 1922 imperii
862 1874 950 1912 fasta
977 1878 1116 1921 divisio,
1153 1881 1398 1928 universusque
1419 1885 1513 1920 orbis
1539 1892 1715 1930 Romanus

96 1933 244 1969 quatuor
263 1921 446 1969 praefestis
461 1925 635 1971 praetorio
653 1924 693 1960 ab
712 1937 752 1960 eo
770 1924 983 1963 commiffus.·
1010 1940 1089 1963 cum
1107 1941 1203 1965 antea
1223 1930 1294 1966 duo
1320 1943 1452 1969 tantum
1475 1939 1582 1974 totius
1601 1941 1712 1989 impe.

95 1973 139 2008 rii
154 1969 320 2020 praefetli
340 1972 472 2014 forent,
498 1985 538 2009 ut
555 1973 644 2010 testis
664 1973 710 2009 est
727 1975 888 2010 Zozimus
907 1975 966 2012 lib.
988 1989 1019 2012 2.

240 2023 377 2057 Primus
402 2023 589 2065 orientem,
617 2023 782 2059 secundus
801 2025 997 2073 Illyricum,
1027 2028 1147 2063 tertius
1165 2028 1316 2070 Italiam,
1345 2042 1487 2076 quartus
1499 2035 1625 2074 Gallias
1646 2038 1716 2075 sor·

93 2071 174 2107 titus
191 2069 247 2106 est.
298 2070 366 2107 Sub
383 2071 452 2107 istis
471 2071 654 2119 praefestis
672 2074 781 2109 varias
802 2076 958 2120 regiones
982 2077 1101 2111 vicarii
1122 2090 1154 2113 et
1171 2079 1205 2113 in
1229 2081 1404 2115 nonnullis
1420 2082 1505 2118 locis
1523 2088 1713 2132 proconsu-

91 2119 139 2158 les
156 2119 335 2169 tegebant,
362 2133 394 2157 et
405 2122 529 2157 iterum
549 2122 610 2158 {ub
628 2121 696 2157 istis
706 2122 892 2168 praeficies,
918 2136 975 2161 aut
991 2124 1202 2163 correglores
1215 2130 1412 2175 provincias
1423 2131 1713 2177 administrabant,

240 2169 310 2206 Sub
330 2172 474 2207 orientis
493 2170 670 2219 praefePto
691 2183 789 2207 erant
805 2173 973 2209 dioeceses
993 2176 1154 2223 quinque.

239 2220 354 2257 Prima
371 2219 416 2258 est
431 2220 589 2259 dioecefis
606 2221 764 2262 orientis,
790 2223 886 2271 cujus
903 2235 1013 2273 caput·
1026 2238 1096 2262 erat
1110 2227 1303 2264 Antiochia.

882 2311 911 2348 c
1617 2303 1672 2358 ιη’
