1982 2739
296 229 365 260 ηε
492 220 564 257 οε
615 216 889 259 ANTIQVA
939 211 1245 248 acccssstAE
1296 209 1657 244 mscu‘mNAE

244 326 275 349 et
294 309 476 359 episcopos
497 317 616 344 omnes
633 332 642 344 ‚
671 305 729 351 qui
751 305 780 338 ei
800 302 938 338 aderant
952 299 1081 348 'judices
1099 297 1138 334 ab
1160 310 1198 333 eo
1216 294 1350 332 elessos.
1406 299 1538 340 Quarto
1557 296 1659 343 hujus
1680 295 1775 330 causa
1802 296 1857 330 ite·

242 375 320 399 rum
338 359 414 406 post
432 359 599 406 'judicium
615 355 761 392 Romani
779 352 932 399 episcopi
950 348 1124 385 retraffiata
1145 347 1188 383 est
1208 348 1243 382 in
1268 346 1451 381 Arelatensi
1484 346 1617 393 synodo
1694 346 1825 385 Quinto
1847 370 1856 385 ‚

247 426 264 447 a
286 411 412 453 iudicio
428 406 528 443 istius
548 404 670 454 synodi
687 415 717 439 et
736 402 882 438 Romani
901 397 1072 447 pontificis
1091 397 1133 433 ad
1149 399 1394 443 imperatorem
1417 407 1640 441 provocatum
1659 393 1704 428 est
1722 397 1860 429 aDona-

243 461 338 500 xistis,
351 461 406 504 qui
418 469 591 502 nunquam
602 455 685 490 alios
696 462 941 500 provocarunt.
971 452 1132 493 Namque
1141 448 1164 482 ii
1175 448 1208 481 in
1222 447 1400 492 provincia
1412 446 1630 479 obtinuerant
1639 443 1816 490 judicium,
1829 454 1861 478 et

245 512 286 546 de
297 509 441 546 Romani
460 506 609 553 episcopi
627 504 754 552 judicio
766 499 938 546 conquesti
949 510 1043 534 erant
1060 509 1190 533 tantum
1201 522 1209 537 ,
1227 508 1295 530 non
1306 506 1416 529 autem
1427 494 1466 529 ab
1486 507 1524 528 eo
1535 493 1802 539 adpellaverant:
1825 504 1862 529 ut

246 557 454 596 demonstrat
466 556 538 591 fuse
548 553 698 590 Valesius
712 555 745 585 in
764 549 994 586 dissertatione
1006 548 1045 583 de
1055 545 1227 583 schismate
1237 542 1501 580 Donatistarum.
1519 546 1619 578 Sexto
1631 570 1639 583 ,
1652 543 1862 579 Caecilianus

251 622 322 644 non
336 608 445 643 fuerat
453 606 631 640 damnatus
642 604 682 637 ab
692 599 862 647 episcopis
873 599 1082 645 provinciae,
1093 607 1150 632 aut
1160 596 1263 631 totius
1278 591 1421 628 Africae:
1436 593 1489 628 sed
1499 593 1539 628 ab
1551 591 1716 640 episcopis
1731 604 1863 628 tantum

243 654 554 697 Numidiae,unde
565 651 794 688 diffidentibus
806 648 975 696 episcopis
1001 645 1138 683 Africae
1151 646 1193 680 ad
1213 643 1458 680 transmarinos
1481 641 1663 678 necessario
1691 654 1864 678 recurren-

245 709 328 744 dum
356 717 425 742 erat

397 759 459 795 At,
489 754 623 798 inquiet
639 751 781 795 aliquis,
809 748 861 783 vel
880 746 1086 783 Caecilianus
1105 744 1306 792 provocavit
1325 756 1342 778 a
1368 742 1496 790 judicio
1523 741 1714 778 Numidiae
1737 739 1865 787 episco-

249 818 396 853 porum,
427 803 480 838 vel
500 805 529 838 ei
548 801 744 846 acquievit?
773 798 837 833 Sed
855 798 997 841 inquam
1014 809 1077 841 ego
1097 806 1256 830 neutrum
1277 793 1317 828 ab
1341 791 1415 838 ipso
1443 790 1574 827 faenum
1602 790 1666 832 est,
1703 802 1866 827 neutrum

249 856 321 890 fieri
354 854 490 891 debuit,
526 850 646 887 sciebat
676 850 767 884 enim
787 845 956 895 synodum
982 846 1016 879 in
1045 845 1077 879 se
1104 854 1320 879 convocatam
1339 841 1578 888 episcoporum
1606 840 1667 875 esse
1693 839 1809 876 favori·
1835 850 1868 875 et

251 905 428 941 ambitioni
446 902 600 937 mulieris
621 898 893 943 obsequentium.
951 894 1049 929 Alios
1075 892 1217 928 habebat
1234 893 1326 927 idem
1352 892 1561 926 Caecilianus
1591 891 1867 937 quamplurimos

251 953 435 1000 episcopos
455 953 488 986 in
506 950 623 986 Africa
640 948 699 984 fibi
720 947 872 982 faventes
888 957 923 979 ac
939 943 1126 989 praecipue
1143 955 1160 976 e
1178 941 1235 976 sua
1261 941 1456 986 provincia.
1490 939 1764 975 communicabat
1789 951 1868 975 cum

250 1003 411 1038 omnibus
431 999 663 1035 transmarinis
679 995 862 1041 episcopis»,
888 993 962 1038 ipsa
980 991 1037 1026 sua
1073 992 1266 1026 innocentia
1284 990 1314 1023 se
1335 1000 1447 1023 tutum
1471 987 1531 1023 esse
1551 989 1775 1029 existimabat,
1807 1001 1871 1023 un..

253 1053 294 1086 de
315 1051 400 1085 nihil
418 1048 490 1096 ipse
508 1048 648 1083 molitus
669 1044 735 1082 est;
763 1043 818 1079 sed
843 1042 975 1076 nullum
994 1040 1161 1088 judicium
1180 1050 1416 1085 praeterquam
1435 1036 1583 1073 hostium
1600 1037 1740 1074 suorum
1769 1037 1871 1073 decli-

253 1102 365 1138 nam,-
394 1111 425 1135 et
445 1109 532 1134 cette
550 1097 622 1146 ejus
639 1094 868 1131 innocentiam
883 1091 960 1127 satis
976 1101 1083 1127 tutam
1096 1101 1159 1136 pei·
1176 1089 1206 1124 se
1224 1086 1320 1124 fuisse
1354 1088 1460 1123 exitus
1482 1086 1606 1123 docuit.

992 1180 1021 1222 §.
1072 1179 1133 1213 11.

307 1274 350 1311 In
377 1286 442 1321 quo
470 1271 660 1318 referuntur
687 1277 718 1306 et
745 1269 983 1305 examinantur
1009 1265 1128 1313 causae
1154 1269 1278 1311 quarto
1307 1262 1450 1313 eccltfiae
1469 1261 1604 1310 saeculo
1634 1261 1819 1310 judicatae.

256 1362 402 1460 Cum
430 1372 534 1408 multa
561 1379 683 1416 quarto
712 1367 861 1413 ecclesiae
881 1365 1010 1401 saeculo
1029 1365 1154 1413 'judicia
1182 1361 1390 1398 ecclefiastica
1409 1373 1607 1403 occurrant,
1636 1362 1780 1408 longum
1798 1361 1873 1398 esset

369 1422 583 1469 singulorum
602 1417 777 1453 historiam
794 1416 943 1456 tradere,
973 1427 1076 1460 quare
1097 1426 1158 1447 nos
1183 1412 1337 1446 brevitati
1356 1411 1567 1449 consulentes
1595 1411 1788 1446 summatim
1804 1423 1873 1446 tan-

260 1487 334 1510 tum
352 1484 389 1507 ac
409 1472 556 1509 breviter
572 1467 701 1513 singula
718 1465 805 1502 faE‘ca
824 1463 1039 1500 edisseremus
1051 1490 1058 1504 ‚
1085 1462 1289 1497 narrationis
1306 1459 1438 1496 nostrae
1455 1461 1696 1507 probationem
1720 1463 1755 1496 in
1781 1460 1874 1497 aliud

259 1535 396 1569 tempus
412 1521 604 1558 differentes
631 1528 668 1552 ac
694 1529 731 1552 en
758 1527 888 1552 tantum
916 1514 1146 1552 observantes,
1174 1522 1260 1556 quae
1286 1510 1329 1545 ad
1362 1511 1582 1557 propositum
1618 1509 1771 1546 nostrum
1796 1523 1873 1558 per-

259 1584 379 1611 tinent.

818 1664 877 1701 De
902 1664 1008 1714 causis
1035 1660 1161 1699 Melitii
1187 1666 1218 1697 et
1243 1657 1335 1695 Arii.

263 1763 425 1860 Prima
452 1768 601 1805 occurrit
629 1767 695 1803 hoe
727 1764 857 1801 saeculo
884 1761 980 1798 causa
1004 1760 1149 1801 Melitii,
1177 1759 1235 1804 qui
1263 1758 1428 1805 depofitus
1464 1771 1500 1794 ac
1528 1757 1707 1793 damnatus
1735 1770 1752 1793 a
1777 1759 1876 1793 Petro

363 1819 593 1856 Alexandrino
610 1821 753 1853 Romam
770 1828 839 1850 non
858 1812 1077 1860 provocavit,
1103 1820 1142 1845 ut
1168 1807 1413 1850 restitueretur,
1440 1821 1499 1844 nec
1516 1801 1626 1856 majus
1641 1807 1807 1855 judicIum
1827 1818 1877 1840 re-

264 1872 418 1919 quisivit,
447 1868 502 1904 sed
521 1881 599 1904 cum
619 1867 748 1902 nullam
769 1865 870 1900 aliam
888 1861 1084 1898 retinendae
1109 1859 1297 1895 autoritatis
1324 1861 1413 1894 viam
1440 1857 1502 1894 effe
1528 1856 1750 1905 intelligeret,
1778 1853 1877 1891 schis-

265 1935 321 1959 ma
347 1918 518 1958 conflavit.

414 1968 491 2004 Post
509 1969 600 2002 hunc
609 1967 712 2002 Arius
730 1977 808 2000 cum
827 1973 958 1997 novum
976 1960 1102 2006 dogma
1119 1958 1161 1993 de
1178 1956 1272 1993 verbi
1291 1955 1466 1992 divinitate
1484 1955 1693 2003 protulisset,
1720 1955 1878 2002 primum

266 2021 307 2058 ab
330 2018 540 2056 Alexandro,
570 2016 691 2051 deinde
708 2028 726 2049 a
743 2011 876 2062 synodo
894 2011 1039 2058 AEgypti
1062 2010 1237 2044 damnatus
1261 2018 1291 2040 et
1313 2007 1422 2052 gradu
1449 2005 1600 2054 deJeElus
1628 2017 1705 2041 cum
1731 2005 1869 2040 caeteris

267 2083 337 2106 non
359 2067 493 2115 putavit
510 2065 615 2100 ullam
636 2064 697 2099 fibi
714 2062 998 2109 provocationem
1019 2056 1202 2106 superesse3
1229 2056 1284 2091 sed
1309 2055 1467 2102 confugit
1495 2056 1534 2091 ad
1562 2055 1740 2103 episcopos
1764 2054 1879 2089 Palae-

267 2120 368 2156 stinae
386 2116 447 2153 fibi
465 2114 626 2150 faventes.
683 2114 753 2147 Hic
768 2123 851 2146 vero
870 2113 1015 2145 maxime
1033 2110 1139 2144 elucet
1156 2106 1366 2154 synodorum
1389 2106 1584 2152 provinciae
1603 2117 1661 2141 aut
1687 2101 1881 2139 dioeceseos

267 2179 425 2215 magnam
442 2177 515 2201 tum
533 2162 631 2199 fuisse
648 2163 862 2198 autoritatem
874 2187 882 2201 ,
909 2173 1025 2206 primo
1043 2159 1132 2194 enim
1150 2157 1310 2205 AEgyptii
1327 2155 1377 2190 illi
1396 2156 1474 2191 licet
1491 2157 1615 2191 Arium
1634 2152 1752 2202 injuste
1781 2152 1878 2187 dam-

269 2230 386 2254 natum
403 2213 465 2250 esse
482 2214 656 2254 sentirent,
684 2225 754 2247 non
770 2210 839 2247 ausi
858 2210 1046 2246 suntillum
1070 2207 1177 2242 statim
1205 2205 1395 2249 restituere3
1425 2204 1478 2241 sed
1503 2218 1538 2240 ea
1557 2205 1597 2241 de
1616 2216 1651 2239 re
1676 2200 1881 2249 scripserunt

271 2269 315 2311 ad
333 2264 602 2304 Alexandrinum
618 2261 819 2311 praesulem.
875 2263 1033 2307 Cumque
1057 2258 1181 2294 Arium
1209 2269 1285 2293 cum
1309 2253 1434 2292 asseclis
1458 2254 1572 2304 postea
1595 2264 1712 2291 contra
1735 2263 1877 2336 caxffines

1741 2313 1778 2338 re
1818 2319 1831 2327 ·
