2001 2733
316 189 822 229 DISSERTATIONES
851 192 1198 237 fflsTOthAE.
1226 203 1495 240 D1ssm.v11.
1607 203 1681 252 449
1710 246 1712 248 ,

116 273 247 312 ratibus
262 289 319 313 nos
337 279 442 314 alicui
459 291 525 315 non
537 278 688 327 Jubeffe,
714 291 774 318 ete.
826 285 924 321 Tum
943 283 1140 322 Bonifacius
1158 286 1297 325 ossavus
1322 289 1428 326 emisit
1455 290 1730 330 constitutionem

107 322 213 361 'unam
225 327 395 372 sanffizm,
425 329 465 371 inl
479 341 546 373 qua
564 329 726 371 declarat,
755 331 843 367 duos
861 333 923 368 ell'e
940 335 975 368 in
994 335 1122 371 ecclefia
1139 337 1289 383 gladios,
1318 352 1350 376 et
1374 351 1565 386 utrumque
1591 344 1626 376 in
1655 343 1728 384 eius

113 376 278 421 potestate
296 375 507 423 spiritualem
524 388 556 412 et
572 380 796 421 materialem,
823 394 988 428 oportere
1006 396 1119 421 autem
1136 386 1290 432 gladium
1301 387 1364 423 effe
1374 388 1433 424 sub
1442 391 1578 437 gladio,
1605 385 1728 428 ettem-

112 425 269 471 poralem
288 425 523 462 austoritatem
542 426 711 474 spirituali
740 429 860 478 subjici
880 432 1046 479 potestati.

262 479 308 511 At
327 475 531 512 ecclesiastici
548 477 654 513 totius
672 481 771 524 regni
788 482 945 518 Franciae
962 495 1122 529 proceres
1139 496 1313 521 cernentes
1329 486 1570 523 austoritatem
1595 491 1727 535 regiam

111 525 146 559 in
169 525 362 571 periculum
379 528 504 567 venire,
523 524 730 573 scripserunt
746 530 941 572 Bonifacio‚
978 545 1122 578 regnum
1148 546 1180 568 et
1199 548 1314 581 regem
1339 539 1503 572 Franciae
1531 537 1616 572 nulli
1632 551 1726 584 prae-

111 586 268 619 terquam
285 578 360 611 Deo
378 577 412 610 in
431 576 680 621 temporalibus
697 576 837 625 subjici,
866 580 1071 616 affirmantes
1086 583 1172 617 hanc
1189 583 1252 618 else
1269 585 1465 620 sententiam
1487 588 1645 621 omnium
1666 589 1729 623 do-

113 623 250 661 storum
271 624 370 671 sup'er
387 625 448 660 hac
469 623 659 670 quaestione
676 626 909 663 consultorum
922 654 931 669 ‚
960 641 996 664 ac
1012 629 1227 666 Bonifacium
1247 634 1341 667 enixe
1365 646 1551 679 rogarunt,
1585 647 1623 670 ut
1645 649 1727 672 con-

111 673 321 710 stitutionem
339 673 434 708 suam
455 685 640 715 revocaret,
669 687 737 720 qua
751 678 970 713 revocatione
983 703 992 719 ,
1017 678 1200 723 inquiunt,
1229 681 1380 717 obviabit
1398 684 1556 728 periculis
1587 696 1618 719 et
1638 684 1726 721 scan-

112 724 205 760 dalis.
259 724 354 758 Idem
375 725 548 761 Batones‚·
569 725 712 759 comites
734 737 766 760 et
787 725 907 768 duces,
933 727 1059 773 aliique
1076 741 1235 774 proceres
1252 731 1413 766 Franciae
1430 733 1654 769 cardinalibus
1674 747 1726 770 ec.

111 772 226 808 clefiae
250 774 420 807 Romanae
444 771 720 818 significaverunt
737 786 799 820 per
815 775 961 817 litteras,
999 778 1035 811 in
1068 778 1193 822 quibus
1210 781 1364 824 primum
1389 794 1582 828 exponunt,
1619 797 1727 829 quan-

109 834 181 860 tum
201 821 351 857 ecclesiae
370 821 576 856 contulerint
591 834 687 868 reges
703 825 879 863 Franciae,
908 837 1077 871 quamque
1093 825 1269 863 necessaria
1281 827 1321 863 fit
1338 830 1426 865 inter
1434 834 1626 868 Romanum
1637 846 1724 879 pon-

108 867 234 908 'tificem
251 882 285 906 'et
304 883 416 917 regem
434 871 567 907 Galliae
584 873 741 907 amicitia.
793 872 926 909 Deinde
942 874 1207 912 controverfiam
1225 877 1310 912 hanc
1328 879 1363 912 in
1385 878 1555 925 frequenti
1581 883 1724 919 Gallica-

107 934 235 958 norum
253 933 434 967 procerum
453 931 623 956 conventu
642 921 823 968 expositam
844 925 999 960 omnium
1026 926 1158 961 animos
1185 925 1242 961 sua
1265 928 1414 964 novitate
1437 930 1618 966 turbavisse
1642 931 1723 967 scri-

106 971 214 1014 bunt;
243 983 352 1015 neque
370 970 489 1005 Gallos
510 982 660 1015 unquam
679 972 799 1007 adduci
817 972 911 1019 polse
924 999 932 1014 ,
948 985 1001 1010 ⁴ut
1018 973 1128 1016 alteri,
1159 988 1260 1020 quam
1278 978 1353 1022 regi
1376 979 1535 1024 pareant,
1588 981 1722 1017 omnes-

109 1032 196 1066 que,
232 1019 254 1054 {i
275 1021 352 1065 quis
372 1019 427 1060 fit,
456 1031 594 1066 paratos
619 1020 658 1055 ad
679 1021 924 1057 effundendum
945 1036 1011 1069 pro
1036 1025 1136 1070 regni
1155 1025 1290 1072 juribus
1307 1026 1514 1074 sanguinem.
1566 1031 1722 1077 Denique

105 1064 231 1118 rogant
247 1069 432 1105 cardinales
446 1095 454 1110 ,
480 1082 519 1105 ut
535 1082 660 1116 papam
680 1083 697 1105 a
714 1082 781 1106 tam
801 1071 933 1107 nefario
959 1074 1098 1119 incepto
1126 1074 1321 1112 deterreant.

154 1161 156 1164 y
223 1145 225 1147 ·
255 1122 336 1155 Hoc
354 1118 451 1154 finito
470 1120 615 1155 concilio
633 1132 692 1155 rex
710 1123 835 1162 vetuit,
887 1135 930 1157 ne
954 1135 1076 1159 aurum
1101 1134 1133 1158 et
1149 1136 1326 1171 argentum
1347 1128 1490 1162 Romam
1508 1140 1526 1162 a
1545 1139 1722 1174 quoquam

104 1167 308 1206 deferretur.
362 1172 494 1204 Interea
512 1171 639 1205 evocati
656 1173 800 1206 Romam
830 1184 848 1206 a
875 1170 1039 1218 pontifice
1062 1173 1252 1219 praesulem
1280 1174 1466 1212 statuerunt
1493 1189 1532 1212 eo
1559 1189 1628 1212 non
1653 1179 1722 1220 ire,

104 1219 180 1256 tum
198 1219 242 1255 ob
264 1217 392 1254 bellum
409 1219 594 1254 imminens
606 1245 613 1259 ,
640 1230 713 1255 tum
736 1220 780 1254 ob
800 1223 889 1267 regis
906 1221 1120 1261 mandatum,
1173 1234 1206 1259 et
1222 1236 1263 1259 ne
1281 1227 1427 1271 pecunia
1449 1238 1538 1261 extra
1565 1229 1662 1272 regni
1679 1227 1720 1262 li-

101 1260 205 1306 inires
223 1268 391 1309 ferretur,
445 1268 672 1303 nihilominus
687 1270 729 1304 ad
747 1282 824 1305 eum
842 1269 1005 1307 miserunt
1021 1271 1148 1317 legatos
1165 1272 1334 1309 dilationis
1353 1273 1428 1310 suae
1445 1274 1576 1310 causam
1595 1275 1718 1321 fignifi-

103 1328 235 1358 cantes‚
264 1329 295 1352 et
312 1316 385 1362 ipse
402 1330 458 1351 rex
476 1317 675 1364 episcopum
693 1321 831 1354 Petrum
852 1320 893 1354 ad
914 1333 993 1356 eum
1011 1320 1101 1356 misit
1117 1333 1261 1367 rogans,
1300 1333 1339 1358 ut
1357 1322 1419 1369 isto
1437 1326 1579 1369 negotio
1598 1325 1718 1370 super-

101 1367 248 1408 sederet:
276 1375 308 1400 at
325 1365 382 1399 ille
399 1365 485 1399 nihil
502 1367 555 1399 his
573 1371 707 1407 motuS‚
735 1381 852 1412 regem
870 1381 901 1403 et
917 1380 992 1409 eos,
1021 1369 1336 1415 quiimpediebant‚
1357 1374 1542 1415 quominus
1566 1374 1718 1420 episcopi.

102 1419 248 1453 Romam
266 1416 441 1455 venirent,
453 1417 738 1453 excommunicat,
765 1428 796 1451 et
811 1419 980 1463 Joannem
999 1418 1204 1454 cardinalem
1220 1420 1427 1455 monachum
1446 1421 1477 1454 in
1490 1422 1637 1457 Galliam
1655 1425 1718 1458 mi-

101 1465 158 1507 fit‚
184 1465 244 1511 qui
259 1464 345 1499 clam
363 1463 548 1498 concilium
566 1476 643 1499 curn
662 1465 833 1511 episcopis
852 1465 1056 1511 quibusdam
1074 1467 1203 1503 Parisiis
1223 1468 1358 1511 habui13
1387 1468 1441 1505 sed
1459 1483 1494 1505 re
1504 1470 1630 1507 infesta
1644 1485 1717 1507 coa-

101 1512 178 1550 stus
198 1513 243 1549 est
259 1515 295 1547 in
313 1512 445 1547 Italiam
465 1513 602 1546 reverti.
653 1515 722 1547 Rex
740 1526 822 1548 vero
840 1517 1053 1561 congregatis
1072 1517 1107 1551 in
1127 1517 1211 1552 urbe
1227 1520 1361 1553 Lutetia
1378 1519 1548 1566 episcopis
1569 1528 1624 1560 28·
1637 1533 1721 1558 cum

102 1558 279 1600 nonnullis
293 1561 488 1598 abbatibus,
515 1559 683 1606 theologis
701 1561 786 1596 bene
804 1563 938 1603 multis,
965 1563 1106 1609 aliisque
1124 1566 1281 1611 pluribus
1300 1580 1426 1613 papam
1447 1581 1559 1605 coram
1579 1571 1619 1605 iis
1631 1572 1716 1606 mul-

102 1615 221 1650 torum
238 1624 275 1648 ac
295 1622 501 1656 magnorum
518 1610 703 1644 criminum
721 1609 865 1645 accusari
883 1612 1051 1658 permisit,
1081 1624 1113 1647 et
1131 1613 1229 1649 fimul
1246 1626 1323 1650 cum
1342 1616 1382 1650 iis
1402 1617 1442 1651 ad
1461 1617 1616 1654 futurum
1635 1632 1715 1655 con-

101 1660 219 1700 cilium
239 1653 394 1707 generale
412 1660 634 1705 provocavit,
663 1661 1104 1706 eamqueprovocationem
1120 1674 1157 1696 ac
1174 1663 1429 1708 requisitionem
1457 1667 1592 1702 concilii
1619 1680 1715 1713 gene·

103 1713 183 1749 ralis
202 1708 359 1758 pontifici
378 1709 578 1744 denunciari
597 1710 736 1743 curavit.
794 1709 859 1744 His
880 1711 927 1745 ita
944 1709 1042 1755 gestis
1067 1723 1158 1756 papa
1174 1714 1282 1747 Roma
1308 1713 1478 1749 discedens
1505 1718 1677 1762 Anagniae
1696 1730 1715 1753 a.

103 1764 289 1808 Nogareto
307 1760 397 1805 regis
415 1758 575 1793 Franciae
601 1756 777 1793 senescallo
798 1768 830 1792 et
846 1761 966 1794 Secora
985 1759 1243 1796 Colonienfium
1264 1762 1462 1798 administro
1472 1777 1535 1809 per
1552 1769 1620 1804 vim
1640 1778 1715 1812 cap-

103 1822 159 1848 tus
176 1809 239 1849 est,
266 1821 302 1845 ac
320 1810 427 1855 paulo
446 1805 523 1853 post
541 1806 678 1849 dolore,
705 1808 916 1854 aegritudine
935 1819 967 1844 et
988 1808 1221 1856 desperatione
1237 1809 1411 1847 confeetus
1430 1812 1533 1855 obiit,
1560 1827 1637 1850 cum
1647 1818 1714 1851 Ro-

102 1873 196 1899 mam
214 1858 376 1894 liberatus
387 1867 624 1892 reverteretur.

176 1906 330 1944 Succeffi't
347 1908 376 1942 ei
394 1903 596 1941 Benedifiius
613 1907 669 1941 XI.
681 1931 689 1946 ‚
717 1905 757 1940 ad
776 1918 878 1951 quem
898 1905 1075 1954 Philippus
1094 1907 1222 1944 litteras
1240 1908 1341 1950 milit,
1394 1910 1518 1955 quibus
1546 1911 1714 1949 Bonifacii

102 1958 308 1996 memoriam
326 1954 528 1991 infestatur,
555 1967 592 1989 ac
609 1967 699 1989 novo
717 1954 872 2000 pontifici
891 1957 1101 2001 gratulatur,
1153 1958 1300 2004 benigne
1318 1958 1492 2006 respondit
1506 1962 1661 2007 pontifex
1681 1974 1713 1999 et

102 2005 369 2057 praedecessoris
388 2003 437 2040 sui
451 2002 578 2039 bullam
596 2003 635 2038 de
652 2003 874 2039 reservatione
901 2002 1141 2042 beneficiorum
1165 2009 1206 2043 ad
1229 2011 1423 2044 Romanum
1447 2010 1641 2055 pontificem
1668 2012 1712 2046 la·

94 2044 172 2095 ,tam
190 2056 372 2092 revocavit.
425 2054 582 2098 Denique
602 2054 756 2088 Clemens
775 2057 818 2090 V.
849 2055 905 2100 qui
929 2054 1116 2091 Benedicta
1135 2056 1211 2103 post
1229 2056 1331 2093 breve
1348 2069 1484 2105 tempus
1503 2061 1569 2096 vita
1588 2059 1710 2096 funsto

102 2105 267 2146 succeffit‚
295 2101 464 2141 Bonifacii
484 2102 686 2138 decretalem
702 2117 800 2139 unam
813 2105 962 2149 samqam
983 2108 1152 2141 revocavit
1168 2119 1231 2152 per
1247 2107 1443 2146 decretalem
1454 2113 1590 2147 meruit.
1618 2110 1709 2146 Vide

103 2156 146 2192 de
162 2157 215 2194 his
231 2153 304 2193 aaa
319 2155 408 2191 inter
424 2150 642 2191 'Bonifncium
656 2164 687 2190 et
703 2154 904 2201 Philippum
922 2166 1012 2190 anno
1035 2159 1141 2200 1614.
1162 2156 1261 2194 edita.

894 2253 923 2288 L
949 2252 961 2289 1
988 2252 999 2288 l
1564 2255 1662 2301 Quae
