2022 2733
308 202 810 252 DISSERTATmNES
846 219 1219 262 msa-omma.
1249 228 1406 268 naseu.
1432 233 1477 269 Π,
1608 248 1678 284 ¹37

107 288 204 324 eausa
230 291 415 330 noluerunt
441 298 660 335 occidentales
685 315 761 339 cum
790 306 1014 345 orientalibus
1034 316 1302 355 communicare,
1330 319 1438 356 donec
1454 321 1567 359 honor
1585 338 1616 361 et
1632 325 1722 366 fama

106 338 341 387 Chrysostomi
359 349 543 382 memoriae
562 348 811 395 restitueretur,
843 361 921 401 quia
941 360 1102 407 injustum
1126 377 1194 400 erat
1215 366 1310 401 inum
1332 382 1397 415 pro
1409 371 1565 409 damnato
1584 376 1716 420 habere,

105 389 165 431 qui
181 401 199 422 a
216 389 377 435 legitimis
404 395 576 442 judicibus
601 412 668 435 non
696 415 766 437 erat
791 404 979 446 damnatus,
1032 414 1140 449 Mitto
1167 418 1256 450 nu'nc
1276 416 1396 454 Gelasfii
1416 426 1637 466 autoritatem,
1659 429 1719 472 qui

103 436 186 472 dicit
205 440 487 489 chrysostomum
513 447 641 493 absque
667 451 733 486 ulla
760 451 895 500 synodo
921 457 1023 494 solius
1040 463 1239 507 apostolicae
1258 466 1343 502 sedis
1361 469 1488 515 judicio
1507 473 1718 514 absolutum.-

100 585 159 630 pla
171 587 422 635 episcoporum,
442 595 498 638 qui
510 598 614 630 vex-ati
632 599 665 633 in
684 601 816 635 oriente
830 603 870 637 ad
888 606 1106 642 occidentales
1119 609 1354 657 confugerant,
1367 627 1404 649 ut
1414 617 1593 658 Athanasii,
1605 624 1718 672 Chry-

99 633 238 670 sostomi
263 651 294 672 et
318 641 476 677 Flaviani.
530 645 629 680 Adde
652 648 745 692 quod
773 663 890 687 verum
917 653 961 688 est
980 656 1263 703 Chrysostomum
1292 661 1358 697 fine
1377 663 1508 711 synodo
1527 671 1715 709 restitutum

98 682 162 718 effe
189 698 257 720 non
280 701 318 722 ex
341 688 446 725 soiius
474 692 559 727 sedis
584 699 755 732 Romanae
778 703 976 745 autoritate3
1007 718 1125 742 verum
1150 709 1193 743 ob
1223 711 1433 749 manifestam
1450 716 1664 763 injustitiam,
1683 735 1715 758 et

98 744 136 767 ut
163 736 206 768 ita
221 734 358 780 loquar,
381 740 569 777 munitatem
586 744 704 791 judicii
723 749 757 782 in
775 749 889 795 ipsum
908 753 985 791 lati,
1014 768 1097 800 quae
1114 758 1285 806 episcopis
1306 764 1465 800 omnibus
1483 769 1594 813 postea
1614 773 1714 807 inno-

90 783 169 820 tuit,
187 788 277 819 unde
295 798 332 821 ut
349 787 601 827 observavimus
617 808 743 831 nomen
755 799 989 848 Chrysostomi
1007 806 1047 839 ab
1066 809 1286 845 orientalibus
1303 813 1333 845 in
1355 814 1502 862 dypticis
1521 819 1714 865 appositum

98 830 154 868 est,
171 844 350 879 antequam
367 837 407 872 ab
425 841 692 880 occidentalibus
710 847 743 881 id
762 860 942 893 peteretur.
970 855 1071 889 Nihil
1083 856 1137 891 hie
1148 858 1223 893 dico
1236 861 1276 894 de
1290 869 1713 906 excommunicationem-

97 880 183 917 audii
193 894 225 917 et
235 885 407 921 Eudoxiae
424 887 464 922 ab
477 893 689 935 Innocentio,
710 895 790 932 haec
807 901 898 935 enim
916 906 1066 939 narratio
1084 909 1239 942 omnium
1259 910 1387 956 judicio
1404 920 1638 955 commentitia
1658 922 1711 959 est.

92 1027 190 1062 causa
214 1031 448 1078 Chryiostomi
473 1035 539 1070 fine
563 1041 707 1075 Romani
731 1044 883 1090 episcopi
906 1051 1101 1084 autoritate:
1128 1053 1239 1103 Erat,
1267 1057 1394 1100 inquit,
1423 1064 1515 1097 inter
1544 1069 1707 1114 episcopos

93 1079 199 1122 causa,
220 1091 302 1125 quae
313 1083 430 1116 collato
441 1086 648 1134 traHatoqne
667 1091 791 1137 confilio
811 1093 946 1130 deberet
963 1096 1113 1142 absolvi:
1140 1102 1220 1149 miffi
1231 1104 1276 1138 ad
1283 1106 1472 1149 sacerdotes
1489 1113 1582 1148 urbis
1601 1126 1708 1151 aeter-

90 1137 154 1160 nae
172 1136 271 1174 atque
287 1129 409 1166 Italiae
424 1143 467 1167 ex
483 1144 630 1182 utraque
644 1148 749 1184 parte
773 1142 881 1190 legati
900 1147 1182 1192 exspeHabantur
1200 1164 1241 1186 ex
1257 1159 1399 1191 omniurn
1417 1161 1710 1210 aufforitatesen-

68 1180 71 1182 ’
87 1178 199 1209 tentia
217 1178 450 1221 informatura
472 1186 621 1230 regulam
637 1187 844 1233 disciplinae.
896 1193 1074 1241 Integrum
1096 1210 1209 1243 nempe
1224 1202 1289 1245 effe
1306 1203 1468 1241 debuerat
1485 1222 1588 1258 neque
1606 1216 1706 1260 quid.

38 1227 49 1245 f
87 1234 183 1270 quam
201 1229 333 1264 novari,
350 1227 426 1262 dum
444 1229 597 1272 definitio
618 1233 804 1268 deliberata
821 1240 1029 1282 procederet,
1045 1256 1114 1277 cnm
1134 1248 1267 1280 interea
1288 1254 1409 1286 mirum
1427 1258 1588 1300 quoddam
1603 1275 1705 1307 prae·

85 1273 238 1318 cipitinm
253 1274 491 1319 festinationis
508 1280 648 1326 exarsit,
676 1291 715 1316 ut
737 1295 802 1318 non
812 1288 1012 1332 exspecflatis
1030 1292 1387 1340 litterissacerdotum,
1406 1306 1465 1349 qui
1478 1308 1624 1349 fuerunt
1635 1324 1703 1347 mu-

85 1317 313 1367 tua'partium
331 1325 502 1373 legatione
517 1330 656 1373 consulti
671 1332 708 1365 in
722 1333 861 1368 exilium
885 1337 1111 1375 truderentur
1127 1344 1293 1390 antistites
1312 1351 1589 1398 animadversioni
1602 1364 1703 1404 prins

85 1369 226 1411 addim
242 1384 338 1419 quam
347 1376 553 1417 sententiam
562 1379 692 1424 judicii
708 1383 904 1430 episcopalis
922 1392 1064 1434 experti.
1118 1394 1221 1438 Ergo,
1250 1396 1428 1441 inquiunt,
1465 1404 1702 1452 Chrysossomi

85 1418 181 1454 causa
207 1433 276 1455 non
301 1434 436 1467 poterat
456 1425 602 1472 judicari
631 1429 667 1462 in
692 1428 826 1475 synodo
848 1438 1047 1478 provinciae
1072 1439 1139 1475 fine
1157 1446 1336 1480 autoritate
1361 1450 1508 1487 Romani
1527 1457 1701 1500 pontificis

84 1468 164 1512 quia
184 1468 385 1517 episcopalis
405 1485 484 1514 erat,
510 1487 568 1510 aut
583 1488 671 1512 certe
688 1490 759 1513 non
776 1480 915 1520 debebat
929 1484 1133 1526 sententiain
1145 1491 1260 1538 ipsum
1268 1494 1333 1531 lata
1351 1498 1585 1547 exsequutioni
1603 1519 1699 1543 man.

84 1516 158 1552 dari
174 1517 250 1563 post
268 1521 533 1567 appellationem
550 1525 591 1559 ad
610 1525 935 1583 sedem-Romanam.
1400 1562 1402 1565 ·

78 1761 253 1808 pontificis
271 1765 430 1802 adversus
449 1770 520 1805 vim
542 1770 601 1806 sibi
617 1785 634 1807 a
652 1774 854 1822 Theophilo
875 1778 1037 1820 matam,-
1056 1797 1126 1820 non
1143 1801 1254 1827 autem
1272 1807 1309 1830 ut
1325 1809 1481 1841 peterent
1497 1813 1514 1835 a
1533 1805 1690 1841 Romano

76 1811 238 1859 episcopo
259 1825 298 1848 ut
313 1815 387 1861 ipse
403 1817 533 1854 causam
550 1820 722 1866 judicaret.
774 1828 904 1863 Docent
924 1829 958 1864 id
980 1829 1149 1877 sequentia
1166 1839 1277 1876 verba.
1339 1846 1498 1895 Denique
1515 1864 1610 1898 quam
1628 1858 1689 1890 im-

73 1870 208 1901 matura
224 1865 285 1898 illa
304 1865 476 1902 damnatio
480 1871 610 1915 fuerit,
627 1885 678 1908 res
691 1875 861 1921 probabit.
913 1879 1064 1929 Namque
1073 1885 1117 1923 Izi,
1136 1899 1273 1933 qnorum
1284 1896 1538 1940 exspefiabatur
1556 1909 1688 1940 autori-

73 1917 126 1945 tas
142 1911 289 1958 pacifica
315 1915 448 1955 Joanni
464 1921 608 1966 episcopo
625 1928 842 1961 communione
855 1930 1015 1976 permissa
1024 1935 1237 1977 sanciendam
1254 1945 1458 1981 concordiam
1476 1952 1684 1995 censuerunt.

73 1971 132 1994 nee
154 1972 345 2010 quemquam
365 1975 538 2012 putarunt
561 1979 640 2005 ante
655 1973 826 2018 judicium
851 1982 1011 2022 consortio
1037 1987 1276 2029 repellendum.
1332 1995 1449 2038 Itaque
1474 1992 1543 2032 non
1565 2001 1600 2036 id
1621 2001 1683 2039 sibi

73 2008 148 2044 vult
173 2010 364 2055 imperator
388 2027 426 2050 ex
449 2015 554 2051 solius
567 2020 716 2056 Romani
732 2024 905 2069 pontificis
924 2030 1103 2066 autoritate
1121 2046 1152 2068 et
1170 2036 1299 2083 judicio
1318 2041 1566 2083 'deturbandum
1586 2047 1685 2087 fuisse

72 2057 373 2105 Chrysostomum:
409 2063 463 2100 sed
483 2065 562 2102 dicit
573 2080 656 2104 eum
673 2083 692 2106 a
708 2076 950 2111 communione
967 2091 1035 2115 non
1055 2080 1152 2118 fuisse
1167 2086 1362 2131 pellendum
1379 2105 1412 2127 et
1434 2097 1682 2137 exturbandum

73 2106 149 2142 m‘te
165 2109 381 2147 orientalium
402 2115 734 2165 occidentaliumque
749 2124 994 2171 episcoporum
1011 2129 1189 2176 judicium.
1243 2138 1281 2173 Id
1301 2144 1392 2185 'petet
1411 2155 1449 2177 ex
1467 2145 1560 2191 epist.
1578 2151 1678 2184 Inno-

71 2156 192 2198 centii,
218 2159 254 2193 in
283 2172 348 2205 qun
365 2174 436 2198 non
459 2166 567 2209 petit,
583 2178 622 2204 ut
646 2169 905 2219 Chrysostomus
930 2177 964 2211 in
987 2184 1227 2225 communione
1253 2200 1400 2229 maneat,
1429 2193 1536 2229 donec
1557 2209 1575 2229 a
1594 2197 1677 2232 sein

70 2214 150 2246 eum
163 2205 200 2240 {it
215 2206 380 2248 sen-tentia
389 2213 554 2263 ‚prolatam
569 2215 626 2252 sed
645 2218 753 2256 donee
769 2223 815 2258 de·
825 2237 864 2260 eo
879 2223 1071 2272 judicatum¹
1081 2227 1188 2269 'fuerit
1203 2236 1237 2270 fn
1255 2238 1481 2281 orientalium'
1491 2245 1678 2282 occident·-

68 2251 222 2301 liumque
238 2259 408 2312 conetliogz
435 2265 653 2306 Honorium
666 2281 776 2318 porro
793 2274 836 2314 ad
851 2274 953 2312 verba
969 2280 1161 2321 Innocentii
1175 2283 1327 2324 anudere
1343 2301 1447 2327 nemo
1462 2304 1532 2327 non
1550 2295 1650 2334 videt.

912 2327 935 2362 S
1508 2343 1533 2386 §.
1560 2346 1622 2382 111.
