2022 2733
305 207 816 245 DISSERTATIONES
864 207 1207 245 HISTORICAE.
1244 211 1499 249 Desunvn,
1583 215 1668 257 '353

103 294 217 332 tendi,
246 293 303 329 sed
329 307 450 331 contra
476 307 624 330 mentem
655 294 798 336 Christi,
827 308 909 341 quae
934 299 1117 342 exponitur
1144 300 1240 345 Joan.
1274 312 1329 336 20.
1349 301 1402 336 his
1418 302 1552 343 verbis,
1569 302 1656 349 ficut
1675 314 1723 338 me

100 346 187 392 mtfit
213 348 334 380 vivens
355 355 455 392 pater
479 356 512 381 et
539 359 599 394 ego
624 349 720 380 mitto
748 357 803 380 vos
811 358 824 390 ,·
853 358 939 393 quae
959 359 1031 381 cum
1049 347 1208 393 άὶκιζθὶῐ,
1238 348 1430 393 insufflavit
1451 356 1487 387 in
1502 364 1571 392 eos,
1600 352 1720 392 dicem,

99 397 243 442 accipite
258 397 422 442 spiritum
431 397 596 439 flmHum,
623 407 760 443 quorum
782 398 981 440 remiseritis
1004 407 1161 443 peccata,
1189 400 1417 435 remittuntur
1443 405 1508 439 eis,
1537 411 1570 438 et
1587 414 1724 450 quorum

99 447 335 484 retinueritis,
365 454 500 479 retenta
517 446 608 489 sunt.
638 460 640 462 ’
661 445 763 480 Unde
794 445 976 490 perspicue
999 444 1204 488 ostenditur,
1231 449 1431 494 potestatem
1458 451 1590 497 ligandi
1612 463 1642 485 et
1660 449 1724 486 sol-

96 494 200 530 vendi
229 506 248 527 a
274 492 595 532 Christo,collatam
620 492 782 539 apostolis
806 494 848 528 ad
867 506 1000 539 peccata
1016 507 1146 530 tantum
1163 499 1334 542 pertinere
1352 501 1412 539 ita,
1440 511 1478 535 ut
1498 500 1631 534 vincula
1648 500 1720 539 illa,

98 542 225 589 quibus
246 553 400 580 utuntur,
428 543 555 577 animas
575 554 705 576 tantum
724 554 793 575 non
811 555 958 587 corpora
980 542 1171 588 respiciant,
1200 556 1237 579 ut
1253 549 1387 591 egregie
1405 548 1561 583 observat
1579 549 1614 581 in
1634 549 1722 583 hune

96 593 213 631 locum
232 591 425 639 Chrysost.,
454 603 517 624 nec
544 591 643 624 aliter
661 588 817 638 ersanflis
843 590 998 635 patribus
1029 593 1213 635 quisquam
1242 594 1332 628 hunc
1346 596 1462 632 locum
1482 598 1721 642 interpretatus

98 641 155 680 est,
174 653 277 686 quam
297 641 339 675 de
354 630 510 685 peccatis,
540 640 891 673 excommunicatione
912 649 944 673 et
962 637 1178 675 absolutione
1195 639 1402 685 sacerdotali,
1430 656 1641 692 quapropter
1660 647 1719 687 illi,

97 693 158 737 qui
187 690 229 724 ad
249 688 453 734 temporalia
472 686 672 733 potestatem
691 687 782 722 illam
800 689 972 733 pertinere
988 688 1214 731 arbitrantur,
1243 689 1447 738 scripturam
1465 695 1588 730 sacram
1608 708 1722 731 contra

96 740 293 776 unanimem
318 736 512 773 sanstorum
537 749 675 782 patrum
701 737 901 773 consensum
918 750 1104 783 exponunt,
1133 739 1228 784 quod
1246 753 1263 775 a
1281 743 1428 779 concilio
1448 746 1657 787 Tridentino
1677 747 1723 781 ad

97 788 275 825 coercenda
291 789 484 834 petulantia
510 790 652 835 ingenia
672 786 873 821 severiffime
891 788 1108 832 prohibitum
1127 788 1187 823 effe
1204 789 1341 834 legitur.

196 837 316 872 Tertia
337 835 482 882 potestas
499 849 517 870 a
542 836 677 870 Christo
703 834 866 881 apostolis
894 837 1030 876 collata,
1049 835 1094 871 est
1113 838 1258 883 potestas
1280 841 1505 878 Eucharistiae
1525 843 1718 880 consecran-

98 888 160 923 dae
185 899 221 922 ac
238 885 452 921 celebrandae
468 887 502 919 in
521 886 591 932 ejus
610 886 828 920 memoriam:
855 886 929 920 Hoc
939 888 1073 931 facite,
1102 878 1215 932 inquit
1233 891 1313 924 Luc.
1338 903 1394 926 22.
1413 895 1450 927 in
1468 904 1569 929 meam
1589 907 1719 930 comme-

98 939 334 973 morationem,
362 947 464 979 quam
487 935 627 979 quidem
645 932 814 969 afflonem
835 947 926 969 mere
944 933 1155 980 spiritualem
1176 936 1237 971 effe
1255 951 1354 974 nemo
1372 940 1515 976 dubitat.

199 987 328 1029 Quarta
347 982 495 1030 potestas
516 984 788 1028 delinquentium
809 996 954 1029 poenam
975 983 1113 1030 respicit
1132 988 1274 1033 Joannis
1298 989 1557 1038 10.fiecclefiam
1576 1003 1642 1026 non
1661 1005 1716 1027 au-

98 1035 225 1075 dierit,
250 1034 296 1081 fit
324 1033 391 1069 ribi
406 1033 493 1080 ficut
520 1036 667 1069 ethnicus
692 1043 725 1068 et
746 1034 956 1080 publicanus.
1012 1035 1148 1077 Quibus
1175 1036 1287 1071 verbis
1320 1038 1562 1085 intelligimus,
1589 1040 1717 1076 nullam

97 1085 198 1120 aliam
216 1095 360 1130 poenam
379 1082 418 1117 ab
432 1081 560 1117 ecclelia
577 1082 688 1128 infligi
707 1081 799 1128 posse
818 1085 851 1117 in
871 1084 1001 1123 noxios,
1017 1096 1117 1128 quam
1137 1092 1174 1119 ut
1194 1085 1233 1120 ab
1254 1087 1324 1133 ejus
1342 1089 1511 1124 consortio
1523 1101 1719 1125 removean-

97 1145 172 1170 tur,
200 1144 261 1167 nec
281 1132 428 1177 amplius
449 1133 482 1177 in
502 1130 762 1166 christianorum
787 1132 975 1167 habeantur
992 1145 1147 1170 numero.
1201 1137 1318 1180 Itaque
1338 1137 1464 1174 frustra
1482 1139 1619 1184 quidam
1633 1151 1716 1175 con-

97 1183 242 1218 tendunt
259 1180 455 1227 potestatem
476 1179 536 1214 esse
555 1180 704 1215 ecclefiae
723 1182 906 1217 noxiorum
919 1182 1103 1227 velpoenis
1122 1185 1368 1230 temporalibus
1387 1188 1439 1222 vel
1457 1188 1631 1224 bonorum
1646 1190 1717 1235 pri-

99 1233 236 1267 vatione
262 1230 538 1276 puniendorum,
565 1243 644 1265 cum
671 1229 823 1264 Christus
851 1231 937 1265 nihil
965 1232 1056 1266 aliud
1071 1233 1106 1266 in
1124 1245 1181 1267 eos
1205 1233 1377 1279 potestatis
1398 1237 1549 1272 ecclefiae
1568 1239 1714 1273 contule-

99 1282 167 1322 rit,
196 1293 297 1327 quam
313 1291 351 1314 ut
366 1278 406 1313 ab
426 1291 465 1312 eo
483 1278 807 1322 declarenturrvelut
827 1280 952 1313 ethnici
979 1291 1011 1313 et
1037 1280 1231 1324 publicani,
1260 1283 1429 1324 alludens,
1457 1298 1495 1320 ut
1523 1286 1715 1322 observavi-

97 1343 195 1371 πως,
247 1329 288 1364 ad
315 1325 595 1363 consuetudinem
624 1326 827 1376 judaeorum
846 1352 855 1369 ,
909 1328 970 1372 qui
994 1328 1128 1363 nullum
1153 1341 1232 1366 cum
1256 1330 1325 1367 istis
1352 1332 1565 1371 consortium
1592 1335 1715 1372 habere

99 1380 265 1415 volebant.

197 1429 356 1473 Denique
379 1425 549 1473 postrema
574 1424 719 1472 potestas
738 1441 755 1462 a
777 1425 913 1463 Christo
936 1427 1097 1475 apostolis
1115 1428 1234 1466 collata
1251 1431 1297 1467 est
1313 1432 1570 1471 condendarum
1587 1435 1713 1482 legum.

100 1491 186 1524 quae
217 1478 259 1513 ad
288 1475 501 1523 disciplinam
527 1474 675 1510 ecelesiae
701 1478 888 1522 pertineant
914 1489 944 1513 et
966 1478 1282 1517 constituendorum
1299 1481 1359 1517 fibi
1379 1482 1620 1525 successorum,
1649 1486 1714 1521 hoc

98 1527 145 1563 est
171 1526 432 1574 episcoporum,
457 1523 759 1570 presbyterorum,
787 1526 1041 1569 ministrorum,
1070 1528 1126 1564 sed
1153 1530 1215 1565 hae
1242 1530 1332 1578 leges
1356 1532 1485 1569 bonum
1512 1546 1642 1570 tantum
1662 1534 1715 1570 so-

97 1578 226 1614 cietatis
243 1573 470 1611 ecclesiasticae
486 1572 673 1618 respiciunt
692 1586 761 1609 non
778 1577 1002 1621 temporalem
1030 1575 1243 1621 felicitatem3
1294 1580 1349 1616 isti
1367 1583 1514 1619 ministri
1534 1584 1576 1619 ad
1594 1597 1713 1629 regen-

101 1627 179 1661 dam
197 1624 367 1661 ‘ccelefiam
388 1636 458 1658 non
476 1623 518 1657 ad
535 1622 783 1667 rempublicam
795 1623 1094 1660 administrandam
1112 1628 1374 1671 constituuntur,
1403 1645 1462 1668 nec
1478 1633 1589 1673 aliam,
1611 1646 1711 1677 quam

100 1676 291 1711 animarum
318 1685 436 1708 curam
460 1671 598 1712 habent,
625 1671 721 1719 juxta
745 1672 830 1706 illud
849 1673 954 1707 Pauli.
1009 1674 1152 1711 Obedite
1164 1680 1363 1725 praepositis
1384 1682 1519 1727 vestris,
1547 1682 1607 1729 ipsi
1626 1685 1713 1717 enim

99 1726 303 1772 invigilant,
320 1722 408 1770 quast
426 1723 589 1756 rationem
608 1721 650 1756 de
664 1721 835 1756 animabus
851 1722 966 1767 vestris
983 1723 1169 1760 reddituri.
1221 1728 1325 1762 Nihil
1342 1729 1415 1765 dieo
1436 1731 1478 1766 de
1489 1732 1624 1767 caeteris
1634 1744 1713 1776 apo.

101 1772 267 1809 stolorum
285 1771 472 1817 infignibus
491 1770 608 1811 donis,
638 1771 749 1815 qualia
766 1770 840 1805 sunt
858 1770 1000 1816 potestas
1019 1772 1264 1809 miraculorum
1282 1777 1493 1815 edendorum
1505 1807 1512 1821 ‚
1551 1780 1711 1815 sanando-

101 1835 180 1858 rum
206 1821 443 1860 infirmorum,
471 1819 749 1865 expellendorum
778 1819 1001 1860 daemonum,
1029 1833 1091 1856 etc.
1156 1825 1253 1859 Haec
1279 1827 1369 1860 enim
1395 1828 1484 1864 dona
1507 1830 1548 1866 ad
1573 1841 1709 1877 tempus

101 1883 233 1909 tantum
250 1867 410 1919 apostolis
430 1868 507 1905 sunt
524 1869 660 1942 c‘ollata,
687 1882 748 1905 nec
768 1869 811 1905 ad
833 1882 953 1906 eorum
976 1869 1175 1908 successores
1192 1885 1454 1920 promanarunt.

817 1978 843 2022 §.
897 1979 991 2014 111.

103 2069 149 2107 In
182 2080 248 2119 quo
283 2068 386 2105 tertia
418 2064 510 2103 ratio
537 2065 735 2121 exponitur,
793 2065 955 2116 Christum
977 2080 1089 2117 nempe
1115 2074 1147 2105 et
1172 2071 1339 2120 apqfiolos
1365 2085 1490 2124 omnem
1509 2077 1706 2125 potestatem

413 2121 445 2152 et
463 2113 726 2164 jurisdzffiomm
752 2116 966 2164 temporalem
992 2116 1036 2154 ab
1062 2118 1187 2169 ecclesia
1212 2121 1408 2158 amandare.

101 2205 106 2228 ἔ
127 2206 226 2304 λὰ
243 2214 545 2255 demonstrandum
565 2215 691 2251 nullam
710 2213 774 2269 esse
789 2215 824 2250 in
842 2215 974 2252 ecclelia
991 2218 1213 2263 temporalem
1223 2220 1419 2266 potestatem
1430 2221 1709 2258 sufficeretosten-

107 2275 141 2300 A
231 2264 317 2313 diist
325 2277 462 2315 omnem
477 2264 572 2313 illam
587 2263 802 2312 potestatem,
829 2265 1108 2363 quaeYayChristo
1124 2269 1288 2319 apostolis
1306 2268 1350 2318 est
1366 2270 1485 2318 gollata
1501 2271 1710 2357 spirigussegem

907 2356 935 2362 s,
956 2347 958 2350 '
1644 2347 1659 2365 ·)
