<?xml version="1.0" encoding="UTF-8"?>
<!DOCTYPE html PUBLIC "-//W3C//DTD XHTML 1.0 Transitional//EN"
    "http://www.w3.org/TR/xhtml1/DTD/xhtml1-transitional.dtd">
<html xmlns="http://www.w3.org/1999/xhtml" xml:lang="en" lang="en">
 <head>
  <title>
</title>
<meta http-equiv="Content-Type" content="text/html;charset=utf-8" />
  <meta name='ocr-system' content='tesseract 3.04.00' />
  <meta name='ocr-capabilities' content='ocr_page ocr_carea ocr_par ocr_line ocrx_word'/>
</head>
<body>
  <div class='ocr_page' id='page_1' title='image "./deantiquaecclesi00dupiuoft_0047.png"; bbox 0 0 2023 2760; ppageno 0'>
   <div class='ocr_carea' id='block_1_1' title="bbox 451 175 1677 251">
    <p class='ocr_par' dir='ltr' id='par_1_1' title="bbox 451 175 1677 251">
     <span class='ocr_line' id='line_1_1' title="bbox 451 175 1677 251; baseline 0.015 -29"><span class='ocrx_word' id='word_1_1' title='bbox 451 175 958 251; x_wconf 68' lang='lat' dir='ltr'>mssaRTArmNEs</span> <span class='ocrx_word' id='word_1_2' title='bbox 994 196 1373 238; x_wconf 74' lang='lat' dir='ltr'>fflsrochE.</span> <span class='ocrx_word' id='word_1_3' title='bbox 1616 216 1677 241; x_wconf 65' lang='grc' dir='ltr'>,η</span> 
     </span>
    </p>
   </div>
   <div class='ocr_carea' id='block_1_2' title="bbox 85 267 1732 2206">
    <p class='ocr_par' dir='ltr' id='par_1_2' title="bbox 94 267 1732 1049">
     <span class='ocr_line' id='line_1_2' title="bbox 108 267 1732 341; baseline 0.015 -35"><span class='ocrx_word' id='word_1_4' title='bbox 108 267 323 308; x_wconf 69' lang='grc' dir='ltr'>Ωῖηέὶὶοπεπι</span> <span class='ocrx_word' id='word_1_5' title='bbox 342 275 574 322; x_wconf 79' lang='lat' dir='ltr'>metropoleos</span> <span class='ocrx_word' id='word_1_6' title='bbox 591 277 720 320; x_wconf 87' lang='lat' dir='ltr'>civilis,</span> <span class='ocrx_word' id='word_1_7' title='bbox 747 289 780 315; x_wconf 90' lang='lat' dir='ltr'>et</span> <span class='ocrx_word' id='word_1_8' title='bbox 797 280 1036 319; x_wconf 75' lang='lat' dir='ltr'>ecclefiasticae.</span> <span class='ocrx_word' id='word_1_9' title='bbox 1088 287 1263 323; x_wconf 77' lang='lat' dir='ltr'>Praeterea</span> <span class='ocrx_word' id='word_1_10' title='bbox 1282 286 1401 326; x_wconf 68' lang='lat' dir='ltr'>austor</span> <span class='ocrx_word' id='word_1_11' title='bbox 1421 289 1508 326; x_wconf 80' lang='lat' dir='ltr'>vitae</span> <span class='ocrx_word' id='word_1_12' title='bbox 1536 293 1566 328; x_wconf 89' lang='lat' dir='ltr'>S.</span> <span class='ocrx_word' id='word_1_13' title='bbox 1586 294 1732 341; x_wconf 80' lang='lat' dir='ltr'>Fulgen-</span> 
     </span>
     <span class='ocr_line' id='line_1_3' title="bbox 107 321 1730 380; baseline 0.014 -24"><span class='ocrx_word' id='word_1_14' title='bbox 107 322 146 357; x_wconf 80' lang='lat' dir='ltr'>tii</span> <span class='ocrx_word' id='word_1_15' title='bbox 164 333 190 356; x_wconf 86' lang='lat' dir='ltr'>e.</span> <span class='ocrx_word' id='word_1_16' title='bbox 213 333 270 367; x_wconf 83' lang='lat'>29.</span> <span class='ocrx_word' id='word_1_17' title='bbox 287 321 379 358; x_wconf 85' lang='lat' dir='ltr'>testis</span> <span class='ocrx_word' id='word_1_18' title='bbox 400 322 456 366; x_wconf 87' lang='lat' dir='ltr'>est,</span> <span class='ocrx_word' id='word_1_19' title='bbox 482 326 701 373; x_wconf 86' lang='lat' dir='ltr'>Fulgentium</span> <span class='ocrx_word' id='word_1_20' title='bbox 717 329 752 363; x_wconf 91' lang='lat' dir='ltr'>in</span> <span class='ocrx_word' id='word_1_21' title='bbox 771 331 916 368; x_wconf 88' lang='lat' dir='ltr'>concilio</span> <span class='ocrx_word' id='word_1_22' title='bbox 929 334 1101 377; x_wconf 84' lang='lat' dir='ltr'>Vincenfi,</span> <span class='ocrx_word' id='word_1_23' title='bbox 1130 338 1374 380; x_wconf 85' lang='lat' dir='ltr'>Quodvultdeo</span> <span class='ocrx_word' id='word_1_24' title='bbox 1396 341 1431 374; x_wconf 92' lang='lat' dir='ltr'>in</span> <span class='ocrx_word' id='word_1_25' title='bbox 1449 344 1667 378; x_wconf 81' lang='lat' dir='ltr'>contentione</span> <span class='ocrx_word' id='word_1_26' title='bbox 1687 346 1730 380; x_wconf 89' lang='lat' dir='ltr'>de</span> 
     </span>
     <span class='ocr_line' id='line_1_4' title="bbox 105 372 1729 431; baseline 0.015 -27"><span class='ocrx_word' id='word_1_27' title='bbox 105 372 257 418; x_wconf 87' lang='lat' dir='ltr'>primatu</span> <span class='ocrx_word' id='word_1_28' title='bbox 272 372 482 418; x_wconf 86' lang='lat' dir='ltr'>praelatum,</span> <span class='ocrx_word' id='word_1_29' title='bbox 509 375 564 423; x_wconf 86' lang='lat' dir='ltr'>jus</span> <span class='ocrx_word' id='word_1_30' title='bbox 578 375 678 412; x_wconf 90' lang='lat' dir='ltr'>suum</span> <span class='ocrx_word' id='word_1_31' title='bbox 696 377 746 412; x_wconf 89' lang='lat' dir='ltr'>illi</span> <span class='ocrx_word' id='word_1_32' title='bbox 767 377 882 425; x_wconf 87' lang='lat' dir='ltr'>postea</span> <span class='ocrx_word' id='word_1_33' title='bbox 901 382 1038 423; x_wconf 76' lang='lat' dir='ltr'>ceffiffe‚</span> <span class='ocrx_word' id='word_1_34' title='bbox 1074 398 1142 431; x_wconf 89' lang='lat' dir='ltr'>quo</span> <span class='ocrx_word' id='word_1_35' title='bbox 1160 387 1266 422; x_wconf 91' lang='lat' dir='ltr'>relato</span> <span class='ocrx_word' id='word_1_36' title='bbox 1284 387 1400 425; x_wconf 82' lang='lat' dir='ltr'><strong>subdit</strong></span> <span class='ocrx_word' id='word_1_37' title='bbox 1417 388 1537 426; x_wconf 67' lang='lat' dir='ltr'>auHor</span> <span class='ocrx_word' id='word_1_38' title='bbox 1553 392 1630 428; x_wconf 85' lang='lat' dir='ltr'>iste:</span> <span class='ocrx_word' id='word_1_39' title='bbox 1661 392 1729 429; x_wconf 61' lang='lat' dir='ltr'>Lffbi</span> 
     </span>
     <span class='ocr_line' id='line_1_5' title="bbox 101 423 1729 488; baseline 0.014 -33"><span class='ocrx_word' id='word_1_40' title='bbox 101 423 180 467; x_wconf 78' lang='lat' dir='ltr'>[unt</span> <span class='ocrx_word' id='word_1_41' title='bbox 201 433 290 456; x_wconf 82' lang='lat' dir='ltr'>nunc</span> <span class='ocrx_word' id='word_1_42' title='bbox 308 423 374 467; x_wconf 75' lang='lat' dir='ltr'>illi,</span> <span class='ocrx_word' id='word_1_43' title='bbox 395 423 514 472; x_wconf 81' lang='lat' dir='ltr'>quibus</span> <span class='ocrx_word' id='word_1_44' title='bbox 528 427 697 462; x_wconf 86' lang='lat' dir='ltr'>eminendi</span> <span class='ocrx_word' id='word_1_45' title='bbox 705 428 812 475; x_wconf 86' lang='lat' dir='ltr'>super</span> <span class='ocrx_word' id='word_1_46' title='bbox 832 441 978 468; x_wconf 82' lang='lat' dir='ltr'>caeteros</span> <span class='ocrx_word' id='word_1_47' title='bbox 996 433 1209 471; x_wconf 86' lang='lat' dir='ltr'>dominentur</span> <span class='ocrx_word' id='word_1_48' title='bbox 1225 438 1391 483; x_wconf 72' lang='lat' dir='ltr'>adfeHus,</span> <span class='ocrx_word' id='word_1_49' title='bbox 1418 442 1526 488; x_wconf 87' lang='lat' dir='ltr'>quise</span> <span class='ocrx_word' id='word_1_50' title='bbox 1543 445 1644 478; x_wconf 87' lang='lat' dir='ltr'>etiam</span> <span class='ocrx_word' id='word_1_51' title='bbox 1656 445 1729 488; x_wconf 77' lang='lat' dir='ltr'>suis</span> 
     </span>
     <span class='ocr_line' id='line_1_6' title="bbox 98 469 1729 541; baseline 0.015 -37"><span class='ocrx_word' id='word_1_52' title='bbox 98 469 277 519; x_wconf 79' lang='lat' dir='ltr'>prioribus</span> <span class='ocrx_word' id='word_1_53' title='bbox 302 480 537 520; x_wconf 80' lang='lat' dir='ltr'>anteponunt,</span> <span class='ocrx_word' id='word_1_54' title='bbox 565 475 717 512; x_wconf 81' lang='lat' dir='ltr'>indebita</span> <span class='ocrx_word' id='word_1_55' title='bbox 737 476 804 524; x_wconf 86' lang='lat' dir='ltr'>fibi</span> <span class='ocrx_word' id='word_1_56' title='bbox 825 483 1022 530; x_wconf 82' lang='lat' dir='ltr'>privilegia</span> <span class='ocrx_word' id='word_1_57' title='bbox 1047 485 1285 521; x_wconf 76' lang='lat' dir='ltr'>vindicantes?</span> <span class='ocrx_word' id='word_1_58' title='bbox 1335 488 1417 524; x_wconf 87' lang='lat' dir='ltr'>Ecce</span> <span class='ocrx_word' id='word_1_59' title='bbox 1439 488 1553 526; x_wconf 82' lang='lat' dir='ltr'>beatus</span> <span class='ocrx_word' id='word_1_60' title='bbox 1579 492 1729 541; x_wconf 83' lang='lat' dir='ltr'>Fulgen-</span> 
     </span>
     <span class='ocr_line' id='line_1_7' title="bbox 101 522 1728 584; baseline 0.015 -31"><span class='ocrx_word' id='word_1_61' title='bbox 101 522 171 556; x_wconf 79' lang='lat' dir='ltr'>tius</span> <span class='ocrx_word' id='word_1_62' title='bbox 189 532 247 555; x_wconf 81' lang='lat' dir='ltr'>nec</span> <span class='ocrx_word' id='word_1_63' title='bbox 259 525 461 567; x_wconf 84' lang='lat' dir='ltr'>primatum,</span> <span class='ocrx_word' id='word_1_64' title='bbox 496 536 591 572; x_wconf 81' lang='lat' dir='ltr'>quem</span> <span class='ocrx_word' id='word_1_65' title='bbox 607 528 753 567; x_wconf 81' lang='lat' dir='ltr'>meruit,</span> <span class='ocrx_word' id='word_1_66' title='bbox 781 527 968 575; x_wconf 81' lang='lat' dir='ltr'><strong><em>defendere</em></strong></span> <span class='ocrx_word' id='word_1_67' title='bbox 986 535 1114 569; x_wconf 86' lang='lat' dir='ltr'>voluit:</span> <span class='ocrx_word' id='word_1_68' title='bbox 1140 536 1309 570; x_wconf 87' lang='lat' dir='ltr'>Primatus</span> <span class='ocrx_word' id='word_1_69' title='bbox 1329 549 1412 582; x_wconf 83' lang='lat' dir='ltr'>ergo</span> <span class='ocrx_word' id='word_1_70' title='bbox 1437 540 1528 584; x_wconf 89' lang='lat' dir='ltr'>apud</span> <span class='ocrx_word' id='word_1_71' title='bbox 1545 540 1728 577; x_wconf 77' lang='lat' dir='ltr'>Africanos</span> 
     </span>
     <span class='ocr_line' id='line_1_8' title="bbox 103 567 1728 629; baseline 0.014 -26"><span class='ocrx_word' id='word_1_72' title='bbox 103 567 283 616; x_wconf 81' lang='lat' dir='ltr'>episcopos</span> <span class='ocrx_word' id='word_1_73' title='bbox 300 570 405 618; x_wconf 83' lang='lat' dir='ltr'>ipfius</span> <span class='ocrx_word' id='word_1_74' title='bbox 422 572 596 619; x_wconf 85' lang='lat' dir='ltr'>Fulgentii</span> <span class='ocrx_word' id='word_1_75' title='bbox 615 586 776 622; x_wconf 91' lang='lat' dir='ltr'>tempore</span> <span class='ocrx_word' id='word_1_76' title='bbox 792 578 970 623; x_wconf 86' lang='lat' dir='ltr'>prioribus</span> <span class='ocrx_word' id='word_1_77' title='bbox 991 581 1215 626; x_wconf 88' lang='lat' dir='ltr'>debebantur,</span> <span class='ocrx_word' id='word_1_78' title='bbox 1245 597 1306 620; x_wconf 90' lang='lat' dir='ltr'>nec</span> <span class='ocrx_word' id='word_1_79' title='bbox 1323 585 1384 620; x_wconf 89' lang='lat' dir='ltr'>ulli</span> <span class='ocrx_word' id='word_1_80' title='bbox 1398 585 1466 621; x_wconf 89' lang='lat' dir='ltr'>sedi</span> <span class='ocrx_word' id='word_1_81' title='bbox 1483 601 1629 625; x_wconf 78' lang='lat' dir='ltr'>annexus</span> <span class='ocrx_word' id='word_1_82' title='bbox 1647 603 1728 629; x_wconf 84' lang='lat' dir='ltr'>erat.</span> 
     </span>
     <span class='ocr_line' id='line_1_9' title="bbox 104 619 1726 686; baseline 0.015 -34"><span class='ocrx_word' id='word_1_83' title='bbox 104 620 175 654; x_wconf 88' lang='lat' dir='ltr'>Hic</span> <span class='ocrx_word' id='word_1_84' title='bbox 201 631 280 654; x_wconf 87' lang='lat' dir='ltr'>mos</span> <span class='ocrx_word' id='word_1_85' title='bbox 295 622 331 655; x_wconf 88' lang='lat' dir='ltr'>in</span> <span class='ocrx_word' id='word_1_86' title='bbox 347 619 465 657; x_wconf 87' lang='lat' dir='ltr'>Africa</span> <span class='ocrx_word' id='word_1_87' title='bbox 481 624 663 669; x_wconf 73' lang='lat' dir='ltr'>permanfit</span> <span class='ocrx_word' id='word_1_88' title='bbox 684 638 793 672; x_wconf 87' lang='lat' dir='ltr'>usque</span> <span class='ocrx_word' id='word_1_89' title='bbox 815 628 858 662; x_wconf 91' lang='lat' dir='ltr'>ad</span> <span class='ocrx_word' id='word_1_90' title='bbox 874 640 1031 676; x_wconf 87' lang='lat' dir='ltr'>tempora</span> <span class='ocrx_word' id='word_1_91' title='bbox 1047 632 1215 679; x_wconf 85' lang='lat' dir='ltr'>Gregorii</span> <span class='ocrx_word' id='word_1_92' title='bbox 1233 636 1371 681; x_wconf 82' lang='lat' dir='ltr'>magni,</span> <span class='ocrx_word' id='word_1_93' title='bbox 1399 649 1475 671; x_wconf 87' lang='lat' dir='ltr'>nam</span> <span class='ocrx_word' id='word_1_94' title='bbox 1493 638 1521 672; x_wconf 90' lang='lat' dir='ltr'>is</span> <span class='ocrx_word' id='word_1_95' title='bbox 1538 638 1597 674; x_wconf 86' lang='lat' dir='ltr'>lib.</span> <span class='ocrx_word' id='word_1_96' title='bbox 1622 652 1650 673; x_wconf 84' lang='lat'>1.</span> <span class='ocrx_word' id='word_1_97' title='bbox 1672 653 1726 686; x_wconf 86' lang='lat' dir='ltr'>ep.</span> 
     </span>
     <span class='ocr_line' id='line_1_10' title="bbox 103 668 1726 734; baseline 0.012 -30"><span class='ocrx_word' id='word_1_98' title='bbox 103 679 162 713; x_wconf 86' lang='lat'>75.</span> <span class='ocrx_word' id='word_1_99' title='bbox 180 668 223 703; x_wconf 88' lang='lat' dir='ltr'>ad</span> <span class='ocrx_word' id='word_1_100' title='bbox 244 668 427 717; x_wconf 82' lang='lat' dir='ltr'>episcopos</span> <span class='ocrx_word' id='word_1_101' title='bbox 439 674 630 709; x_wconf 81' lang='lat' dir='ltr'>Numidiae</span> <span class='ocrx_word' id='word_1_102' title='bbox 651 674 779 710; x_wconf 84' lang='lat' dir='ltr'>statuit:</span> <span class='ocrx_word' id='word_1_103' title='bbox 811 677 859 713; x_wconf 90' lang='lat' dir='ltr'>Ut</span> <span class='ocrx_word' id='word_1_104' title='bbox 878 681 1014 716; x_wconf 81' lang='lat' dir='ltr'>illorum</span> <span class='ocrx_word' id='word_1_105' title='bbox 1031 683 1231 727; x_wconf 83' lang='lat' dir='ltr'>consuetudo</span> <span class='ocrx_word' id='word_1_106' title='bbox 1246 684 1287 719; x_wconf 87' lang='lat' dir='ltr'>de</span> <span class='ocrx_word' id='word_1_107' title='bbox 1299 685 1505 731; x_wconf 83' lang='lat' dir='ltr'>primatibus</span> <span class='ocrx_word' id='word_1_108' title='bbox 1530 689 1726 734; x_wconf 80' lang='lat' dir='ltr'>constituen-</span> 
     </span>
     <span class='ocr_line' id='line_1_11' title="bbox 100 718 1726 784; baseline 0.013 -32"><span class='ocrx_word' id='word_1_109' title='bbox 100 718 172 756; x_wconf 78' lang='lat' dir='ltr'>dis,</span> <span class='ocrx_word' id='word_1_110' title='bbox 199 722 418 768; x_wconf 81' lang='lat' dir='ltr'>caeterisque,</span> <span class='ocrx_word' id='word_1_111' title='bbox 446 725 610 770; x_wconf 81' lang='lat' dir='ltr'>capitulis</span> <span class='ocrx_word' id='word_1_112' title='bbox 628 726 762 760; x_wconf 85' lang='lat' dir='ltr'>immota</span> <span class='ocrx_word' id='word_1_113' title='bbox 779 737 924 773; x_wconf 73' lang='lat' dir='ltr'>maneat,</span> <span class='ocrx_word' id='word_1_114' title='bbox 950 739 1096 777; x_wconf 76' lang='lat' dir='ltr'>exceptu</span> <span class='ocrx_word' id='word_1_115' title='bbox 1116 733 1177 774; x_wconf 77' lang='lat' dir='ltr'>his,</span> <span class='ocrx_word' id='word_1_116' title='bbox 1201 736 1260 781; x_wconf 87' lang='lat' dir='ltr'>qui</span> <span class='ocrx_word' id='word_1_117' title='bbox 1278 746 1319 769; x_wconf 81' lang='lat' dir='ltr'>ex</span> <span class='ocrx_word' id='word_1_118' title='bbox 1333 734 1524 782; x_wconf 79' lang='lat' dir='ltr'>Donatistis</span> <span class='ocrx_word' id='word_1_119' title='bbox 1542 739 1587 773; x_wconf 83' lang='lat' dir='ltr'>ad</span> <span class='ocrx_word' id='word_1_120' title='bbox 1604 742 1726 784; x_wconf 78' lang='lat' dir='ltr'>episco-</span> 
     </span>
     <span class='ocr_line' id='line_1_12' title="bbox 98 773 1727 832; baseline 0.012 -31"><span class='ocrx_word' id='word_1_121' title='bbox 98 776 216 816; x_wconf 78' lang='lat' dir='ltr'>patum</span> <span class='ocrx_word' id='word_1_122' title='bbox 238 773 469 815; x_wconf 84' lang='lat' dir='ltr'>perveniunt,</span> <span class='ocrx_word' id='word_1_123' title='bbox 496 784 572 820; x_wconf 83' lang='lat' dir='ltr'>quos</span> <span class='ocrx_word' id='word_1_124' title='bbox 588 775 739 820; x_wconf 75' lang='lat' dir='ltr'>provehi</span> <span class='ocrx_word' id='word_1_125' title='bbox 762 775 809 810; x_wconf 84' lang='lat' dir='ltr'>ad</span> <span class='ocrx_word' id='word_1_126' title='bbox 821 780 987 823; x_wconf 80' lang='lat' dir='ltr'>primatus</span> <span class='ocrx_word' id='word_1_127' title='bbox 1005 780 1230 828; x_wconf 85' lang='lat' dir='ltr'>dignitatem,</span> <span class='ocrx_word' id='word_1_128' title='bbox 1259 786 1360 819; x_wconf 87' lang='lat' dir='ltr'>etiam</span> <span class='ocrx_word' id='word_1_129' title='bbox 1379 797 1477 832; x_wconf 82' lang='lat' dir='ltr'>quum</span> <span class='ocrx_word' id='word_1_130' title='bbox 1495 787 1575 822; x_wconf 86' lang='lat' dir='ltr'>ordo</span> <span class='ocrx_word' id='word_1_131' title='bbox 1592 792 1727 823; x_wconf 69' lang='lat' dir='ltr'>clerico.</span> 
     </span>
     <span class='ocr_line' id='line_1_13' title="bbox 98 818 1725 882; baseline 0.013 -31"><span class='ocrx_word' id='word_1_132' title='bbox 98 828 174 852; x_wconf 88' lang='lat' dir='ltr'>rum</span> <span class='ocrx_word' id='word_1_133' title='bbox 199 827 252 852; x_wconf 84' lang='lat' dir='ltr'>eos</span> <span class='ocrx_word' id='word_1_134' title='bbox 277 818 324 853; x_wconf 76' lang='lat' dir='ltr'>ad</span> <span class='ocrx_word' id='word_1_135' title='bbox 349 820 453 856; x_wconf 83' lang='lat' dir='ltr'>locum</span> <span class='ocrx_word' id='word_1_136' title='bbox 471 822 617 858; x_wconf 85' lang='lat' dir='ltr'>eumdem</span> <span class='ocrx_word' id='word_1_137' title='bbox 632 823 789 870; x_wconf 85' lang='lat' dir='ltr'>deferat,</span> <span class='ocrx_word' id='word_1_138' title='bbox 816 828 921 863; x_wconf 86' lang='lat' dir='ltr'>modis</span> <span class='ocrx_word' id='word_1_139' title='bbox 938 829 1087 865; x_wconf 88' lang='lat' dir='ltr'>omnibus</span> <span class='ocrx_word' id='word_1_140' title='bbox 1101 831 1269 878; x_wconf 72' lang='lat' dir='ltr'>prohibet.</span> <span class='ocrx_word' id='word_1_141' title='bbox 1323 835 1440 881; x_wconf 86' lang='lat' dir='ltr'>Itaque</span> <span class='ocrx_word' id='word_1_142' title='bbox 1458 846 1616 882; x_wconf 87' lang='lat' dir='ltr'>tempore</span> <span class='ocrx_word' id='word_1_143' title='bbox 1634 837 1725 872; x_wconf 88' lang='lat' dir='ltr'>Gre-</span> 
     </span>
     <span class='ocr_line' id='line_1_14' title="bbox 97 865 1723 929; baseline 0.014 -30"><span class='ocrx_word' id='word_1_144' title='bbox 97 866 190 914; x_wconf 81' lang='lat' dir='ltr'>gorii</span> <span class='ocrx_word' id='word_1_145' title='bbox 207 865 298 901; x_wconf 87' lang='lat' dir='ltr'>inter</span> <span class='ocrx_word' id='word_1_146' title='bbox 314 867 498 905; x_wconf 85' lang='lat' dir='ltr'>Africanos</span> <span class='ocrx_word' id='word_1_147' title='bbox 514 873 682 916; x_wconf 87' lang='lat' dir='ltr'>primatus</span> <span class='ocrx_word' id='word_1_148' title='bbox 704 886 772 909; x_wconf 91' lang='lat' dir='ltr'>non</span> <span class='ocrx_word' id='word_1_149' title='bbox 792 887 862 911; x_wconf 83' lang='lat' dir='ltr'>erat</span> <span class='ocrx_word' id='word_1_150' title='bbox 881 877 1016 913; x_wconf 74' lang='lat' dir='ltr'>iedibus</span> <span class='ocrx_word' id='word_1_151' title='bbox 1032 892 1202 923; x_wconf 86' lang='lat' dir='ltr'>annexus,</span> <span class='ocrx_word' id='word_1_152' title='bbox 1231 880 1287 916; x_wconf 90' lang='lat' dir='ltr'>sed</span> <span class='ocrx_word' id='word_1_153' title='bbox 1312 895 1350 917; x_wconf 88' lang='lat' dir='ltr'>eo</span> <span class='ocrx_word' id='word_1_154' title='bbox 1370 885 1579 929; x_wconf 82' lang='lat' dir='ltr'>antiquiores</span> <span class='ocrx_word' id='word_1_155' title='bbox 1603 899 1723 921; x_wconf 84' lang='lat' dir='ltr'>omnes</span> 
     </span>
     <span class='ocr_line' id='line_1_15' title="bbox 97 913 1722 980; baseline 0.013 -31"><span class='ocrx_word' id='word_1_156' title='bbox 97 913 252 962; x_wconf 80' lang='lat' dir='ltr'>episcopi</span> <span class='ocrx_word' id='word_1_157' title='bbox 270 916 568 956; x_wconf 83' lang='lat' dir='ltr'>indiscriminatim</span> <span class='ocrx_word' id='word_1_158' title='bbox 588 919 801 965; x_wconf 85' lang='lat' dir='ltr'>fruebantur,</span> <span class='ocrx_word' id='word_1_159' title='bbox 833 929 983 974; x_wconf 88' lang='lat' dir='ltr'>exceptis</span> <span class='ocrx_word' id='word_1_160' title='bbox 1003 929 1056 969; x_wconf 85' lang='lat' dir='ltr'>iis,</span> <span class='ocrx_word' id='word_1_161' title='bbox 1070 931 1129 974; x_wconf 90' lang='lat' dir='ltr'>qui</span> <span class='ocrx_word' id='word_1_162' title='bbox 1147 929 1282 966; x_wconf 90' lang='lat' dir='ltr'>fuerant</span> <span class='ocrx_word' id='word_1_163' title='bbox 1301 932 1466 969; x_wconf 86' lang='lat' dir='ltr'>haeretici.</span> <span class='ocrx_word' id='word_1_164' title='bbox 1487 948 1572 980; x_wconf 82' lang='lat' dir='ltr'>quos</span> <span class='ocrx_word' id='word_1_165' title='bbox 1590 936 1630 970; x_wconf 85' lang='lat' dir='ltr'>ab</span> <span class='ocrx_word' id='word_1_166' title='bbox 1655 937 1722 972; x_wconf 88' lang='lat' dir='ltr'>hoc</span> 
     </span>
     <span class='ocr_line' id='line_1_16' title="bbox 94 963 1722 1027; baseline 0.014 -29"><span class='ocrx_word' id='word_1_167' title='bbox 94 964 171 1012; x_wconf 77' lang='lat' dir='ltr'>jure</span> <span class='ocrx_word' id='word_1_168' title='bbox 197 963 350 1003; x_wconf 81' lang='lat' dir='ltr'>excidere</span> <span class='ocrx_word' id='word_1_169' title='bbox 375 968 684 1017; x_wconf 51' lang='lat' dir='ltr'>vuquregorius:</span> <span class='ocrx_word' id='word_1_170' title='bbox 710 975 1002 1018; x_wconf 88' lang='lat' dir='ltr'>quemadmodum</span> <span class='ocrx_word' id='word_1_171' title='bbox 1022 978 1106 1014; x_wconf 89' lang='lat' dir='ltr'>olim</span> <span class='ocrx_word' id='word_1_172' title='bbox 1124 980 1319 1027; x_wconf 80' lang='lat' dir='ltr'>Augustino</span> <span class='ocrx_word' id='word_1_173' title='bbox 1338 980 1416 1016; x_wconf 86' lang='lat' dir='ltr'>teste</span> <span class='ocrx_word' id='word_1_174' title='bbox 1433 983 1473 1018; x_wconf 87' lang='lat' dir='ltr'>ab</span> <span class='ocrx_word' id='word_1_175' title='bbox 1499 997 1538 1020; x_wconf 87' lang='lat' dir='ltr'>eo</span> <span class='ocrx_word' id='word_1_176' title='bbox 1555 986 1722 1020; x_wconf 78' lang='lat' dir='ltr'>exciderat</span> 
     </span>
     <span class='ocr_line' id='line_1_17' title="bbox 96 1013 240 1049; baseline 0 0"><span class='ocrx_word' id='word_1_177' title='bbox 96 1013 240 1049; x_wconf 86' lang='lat' dir='ltr'>Priscus.</span> 
     </span>
    </p>

    <p class='ocr_par' dir='ltr' id='par_1_3' title="bbox 88 1064 1718 1402">
     <span class='ocr_line' id='line_1_18' title="bbox 197 1064 1716 1130; baseline 0.014 -33"><span class='ocrx_word' id='word_1_178' title='bbox 197 1064 394 1106; x_wconf 84' lang='lat' dir='ltr'>Quinetiam</span> <span class='ocrx_word' id='word_1_179' title='bbox 431 1066 466 1100; x_wconf 89' lang='lat' dir='ltr'>in</span> <span class='ocrx_word' id='word_1_180' title='bbox 501 1068 681 1112; x_wconf 88' lang='lat' dir='ltr'>provincia</span> <span class='ocrx_word' id='word_1_181' title='bbox 710 1070 950 1115; x_wconf 79' lang='lat' dir='ltr'>proconsulari</span> <span class='ocrx_word' id='word_1_182' title='bbox 983 1071 1135 1108; x_wconf 84' lang='lat' dir='ltr'>summus</span> <span class='ocrx_word' id='word_1_183' title='bbox 1170 1075 1284 1112; x_wconf 88' lang='lat' dir='ltr'>honos</span> <span class='ocrx_word' id='word_1_184' title='bbox 1312 1077 1500 1115; x_wconf 76' lang='lat' dir='ltr'>habebatur</span> <span class='ocrx_word' id='word_1_185' title='bbox 1526 1083 1716 1130; x_wconf 81' lang='lat' dir='ltr'>antiquiori</span> 
     </span>
     <span class='ocr_line' id='line_1_19' title="bbox 96 1111 1716 1178; baseline 0.015 -34"><span class='ocrx_word' id='word_1_186' title='bbox 96 1111 280 1158; x_wconf 82' lang='lat' dir='ltr'>episcopo,</span> <span class='ocrx_word' id='word_1_187' title='bbox 306 1113 386 1148; x_wconf 89' lang='lat' dir='ltr'>licet</span> <span class='ocrx_word' id='word_1_188' title='bbox 417 1126 496 1149; x_wconf 86' lang='lat' dir='ltr'>eum</span> <span class='ocrx_word' id='word_1_189' title='bbox 526 1117 740 1161; x_wconf 85' lang='lat' dir='ltr'>praecederet</span> <span class='ocrx_word' id='word_1_190' title='bbox 767 1119 1036 1165; x_wconf 80' lang='lat' dir='ltr'>Carthaginenfis</span> <span class='ocrx_word' id='word_1_191' title='bbox 1063 1122 1260 1170; x_wconf 85' lang='lat' dir='ltr'>episcopus,</span> <span class='ocrx_word' id='word_1_192' title='bbox 1291 1129 1394 1162; x_wconf 86' lang='lat' dir='ltr'>totius</span> <span class='ocrx_word' id='word_1_193' title='bbox 1421 1127 1555 1165; x_wconf 85' lang='lat' dir='ltr'>Africae</span> <span class='ocrx_word' id='word_1_194' title='bbox 1576 1136 1716 1178; x_wconf 84' lang='lat' dir='ltr'>primas.</span> 
     </span>
     <span class='ocr_line' id='line_1_20' title="bbox 95 1162 1718 1227; baseline 0.014 -32"><span class='ocrx_word' id='word_1_195' title='bbox 95 1163 149 1196; x_wconf 87' lang='lat' dir='ltr'>Sic</span> <span class='ocrx_word' id='word_1_196' title='bbox 167 1163 201 1196; x_wconf 90' lang='lat' dir='ltr'>in</span> <span class='ocrx_word' id='word_1_197' title='bbox 224 1162 370 1197; x_wconf 88' lang='lat' dir='ltr'>concilio</span> <span class='ocrx_word' id='word_1_198' title='bbox 389 1164 546 1207; x_wconf 84' lang='lat' dir='ltr'>Carthag.</span> <span class='ocrx_word' id='word_1_199' title='bbox 566 1177 598 1199; x_wconf 89' lang='lat'>2.</span> <span class='ocrx_word' id='word_1_200' title='bbox 620 1164 744 1200; x_wconf 70' lang='lat' dir='ltr'>ViGor</span> <span class='ocrx_word' id='word_1_201' title='bbox 759 1168 1002 1206; x_wconf 85' lang='lat' dir='ltr'>Abderitanus,</span> <span class='ocrx_word' id='word_1_202' title='bbox 1030 1182 1061 1204; x_wconf 90' lang='lat' dir='ltr'>et</span> <span class='ocrx_word' id='word_1_203' title='bbox 1078 1173 1114 1204; x_wconf 86' lang='lat' dir='ltr'>in</span> <span class='ocrx_word' id='word_1_204' title='bbox 1132 1175 1231 1209; x_wconf 87' lang='lat' dir='ltr'>tertio</span> <span class='ocrx_word' id='word_1_205' title='bbox 1251 1176 1402 1221; x_wconf 84' lang='lat' dir='ltr'>ejusdem</span> <span class='ocrx_word' id='word_1_206' title='bbox 1418 1181 1568 1215; x_wconf 88' lang='lat' dir='ltr'>nominis</span> <span class='ocrx_word' id='word_1_207' title='bbox 1588 1181 1718 1227; x_wconf 84' lang='lat' dir='ltr'>episco-</span> 
     </span>
     <span class='ocr_line' id='line_1_21' title="bbox 90 1210 1717 1265; baseline 0.014 -22"><span class='ocrx_word' id='word_1_208' title='bbox 90 1221 160 1256; x_wconf 86' lang='lat' dir='ltr'>pus</span> <span class='ocrx_word' id='word_1_209' title='bbox 178 1210 408 1254; x_wconf 77' lang='lat' dir='ltr'>Pupianenfis‚</span> <span class='ocrx_word' id='word_1_210' title='bbox 436 1213 589 1251; x_wconf 82' lang='lat' dir='ltr'>caeteris,</span> <span class='ocrx_word' id='word_1_211' title='bbox 617 1224 756 1258; x_wconf 83' lang='lat' dir='ltr'>excepto</span> <span class='ocrx_word' id='word_1_212' title='bbox 778 1215 1054 1259; x_wconf 84' lang='lat' dir='ltr'>Carthaginenfi,</span> <span class='ocrx_word' id='word_1_213' title='bbox 1079 1220 1343 1262; x_wconf 85' lang='lat' dir='ltr'>praeferuntur:</span> <span class='ocrx_word' id='word_1_214' title='bbox 1379 1236 1411 1259; x_wconf 89' lang='lat' dir='ltr'>et</span> <span class='ocrx_word' id='word_1_215' title='bbox 1429 1226 1469 1260; x_wconf 88' lang='lat' dir='ltr'>de</span> <span class='ocrx_word' id='word_1_216' title='bbox 1486 1228 1552 1263; x_wconf 88' lang='lat' dir='ltr'>hoc</span> <span class='ocrx_word' id='word_1_217' title='bbox 1572 1229 1717 1265; x_wconf 61' lang='lat' dir='ltr'>vjfflore</span> 
     </span>
     <span class='ocr_line' id='line_1_22' title="bbox 91 1259 1716 1321; baseline 0.013 -28"><span class='ocrx_word' id='word_1_218' title='bbox 91 1259 172 1294; x_wconf 86' lang='lat' dir='ltr'>haec</span> <span class='ocrx_word' id='word_1_219' title='bbox 198 1259 244 1292; x_wconf 88' lang='lat' dir='ltr'>ait</span> <span class='ocrx_word' id='word_1_220' title='bbox 260 1260 456 1304; x_wconf 84' lang='lat' dir='ltr'>Epigonius</span> <span class='ocrx_word' id='word_1_221' title='bbox 474 1271 502 1295; x_wconf 89' lang='lat' dir='ltr'>c.</span> <span class='ocrx_word' id='word_1_222' title='bbox 526 1271 580 1303; x_wconf 83' lang='lat'>54.</span> <span class='ocrx_word' id='word_1_223' title='bbox 599 1261 675 1295; x_wconf 87' lang='lat' dir='ltr'>cod.</span> <span class='ocrx_word' id='word_1_224' title='bbox 703 1273 773 1297; x_wconf 88' lang='lat' dir='ltr'>can.</span> <span class='ocrx_word' id='word_1_225' title='bbox 792 1262 870 1298; x_wconf 80' lang='lat' dir='ltr'>eccl.</span> <span class='ocrx_word' id='word_1_226' title='bbox 894 1262 1094 1303; x_wconf 72' lang='lat' dir='ltr'>Africanae,</span> <span class='ocrx_word' id='word_1_227' title='bbox 1121 1278 1233 1304; x_wconf 85' lang='lat' dir='ltr'>aetate</span> <span class='ocrx_word' id='word_1_228' title='bbox 1247 1280 1351 1317; x_wconf 84' lang='lat' dir='ltr'>pater</span> <span class='ocrx_word' id='word_1_229' title='bbox 1369 1282 1402 1307; x_wconf 88' lang='lat' dir='ltr'>et</span> <span class='ocrx_word' id='word_1_230' title='bbox 1421 1276 1494 1320; x_wconf 83' lang='lat' dir='ltr'>ipsa</span> <span class='ocrx_word' id='word_1_231' title='bbox 1509 1282 1716 1321; x_wconf 69' lang='lat' dir='ltr'>promotione</span> 
     </span>
     <span class='ocr_line' id='line_1_23' title="bbox 90 1306 1715 1376; baseline 0.014 -34"><span class='ocrx_word' id='word_1_232' title='bbox 90 1306 347 1356; x_wconf 77' lang='lat' dir='ltr'>antiquzffimus,</span> <span class='ocrx_word' id='word_1_233' title='bbox 374 1310 434 1343; x_wconf 88' lang='lat' dir='ltr'>vir</span> <span class='ocrx_word' id='word_1_234' title='bbox 454 1308 636 1345; x_wconf 78' lang='lat' dir='ltr'>laudabilis</span> <span class='ocrx_word' id='word_1_235' title='bbox 645 1313 772 1357; x_wconf 86' lang='lat' dir='ltr'>frater</span> <span class='ocrx_word' id='word_1_236' title='bbox 789 1321 824 1347; x_wconf 89' lang='lat' dir='ltr'>et</span> <span class='ocrx_word' id='word_1_237' title='bbox 840 1314 965 1362; x_wconf 82' lang='lat' dir='ltr'>collega</span> <span class='ocrx_word' id='word_1_238' title='bbox 982 1315 1086 1360; x_wconf 86' lang='lat' dir='ltr'>noster</span> <span class='ocrx_word' id='word_1_239' title='bbox 1104 1317 1144 1350; x_wconf 88' lang='lat' dir='ltr'><em>V</em></span> <span class='ocrx_word' id='word_1_240' title='bbox 1140 1317 1233 1360; x_wconf 64' lang='lat' dir='ltr'>ifior,</span> <span class='ocrx_word' id='word_1_241' title='bbox 1259 1321 1334 1355; x_wconf 84' lang='lat' dir='ltr'>vult</span> <span class='ocrx_word' id='word_1_242' title='bbox 1351 1321 1433 1357; x_wconf 79' lang='lat' dir='ltr'>hanc</span> <span class='ocrx_word' id='word_1_243' title='bbox 1443 1327 1637 1370; x_wconf 78' lang='lat' dir='ltr'>petitionem</span> <span class='ocrx_word' id='word_1_244' title='bbox 1653 1339 1715 1376; x_wconf 81' lang='lat' dir='ltr'>ge·</span> 
     </span>
     <span class='ocr_line' id='line_1_24' title="bbox 88 1356 518 1402; baseline -0.002 -9"><span class='ocrx_word' id='word_1_245' title='bbox 88 1359 238 1393; x_wconf 78' lang='lat' dir='ltr'>neralem</span> <span class='ocrx_word' id='word_1_246' title='bbox 257 1356 407 1392; x_wconf 85' lang='lat' dir='ltr'>omnibus</span> <span class='ocrx_word' id='word_1_247' title='bbox 423 1357 518 1402; x_wconf 81' lang='lat' dir='ltr'>effici.</span> 
     </span>
    </p>

    <p class='ocr_par' dir='ltr' id='par_1_4' title="bbox 87 1405 1713 1700">
     <span class='ocr_line' id='line_1_25' title="bbox 188 1405 1713 1472; baseline 0.014 -33"><span class='ocrx_word' id='word_1_248' title='bbox 188 1407 274 1441; x_wconf 88' lang='lat' dir='ltr'>Uno</span> <span class='ocrx_word' id='word_1_249' title='bbox 298 1406 406 1442; x_wconf 86' lang='lat' dir='ltr'>verbo</span> <span class='ocrx_word' id='word_1_250' title='bbox 433 1408 468 1442; x_wconf 90' lang='lat' dir='ltr'>in</span> <span class='ocrx_word' id='word_1_251' title='bbox 494 1405 611 1442; x_wconf 86' lang='lat' dir='ltr'>Africa</span> <span class='ocrx_word' id='word_1_252' title='bbox 641 1418 714 1443; x_wconf 89' lang='lat' dir='ltr'>tum</span> <span class='ocrx_word' id='word_1_253' title='bbox 733 1408 864 1451; x_wconf 89' lang='lat' dir='ltr'>honor,</span> <span class='ocrx_word' id='word_1_254' title='bbox 892 1422 965 1448; x_wconf 88' lang='lat' dir='ltr'>tum</span> <span class='ocrx_word' id='word_1_255' title='bbox 984 1412 1133 1459; x_wconf 85' lang='lat' dir='ltr'>dignitas</span> <span class='ocrx_word' id='word_1_256' title='bbox 1148 1440 1156 1456; x_wconf 88' lang='lat'>,</span> <span class='ocrx_word' id='word_1_257' title='bbox 1185 1425 1258 1452; x_wconf 89' lang='lat' dir='ltr'>tum</span> <span class='ocrx_word' id='word_1_258' title='bbox 1275 1418 1374 1454; x_wconf 79' lang='lat' dir='ltr'>etiam</span> <span class='ocrx_word' id='word_1_259' title='bbox 1392 1419 1464 1467; x_wconf 82' lang='lat' dir='ltr'>jura</span> <span class='ocrx_word' id='word_1_260' title='bbox 1482 1433 1514 1458; x_wconf 89' lang='lat' dir='ltr'>et</span> <span class='ocrx_word' id='word_1_261' title='bbox 1530 1424 1713 1472; x_wconf 80' lang='lat' dir='ltr'>privilegia</span> 
     </span>
     <span class='ocr_line' id='line_1_26' title="bbox 91 1454 1712 1519; baseline 0.014 -30"><span class='ocrx_word' id='word_1_262' title='bbox 91 1454 333 1502; x_wconf 85' lang='lat' dir='ltr'>episcoporum</span> <span class='ocrx_word' id='word_1_263' title='bbox 350 1455 589 1492; x_wconf 84' lang='lat' dir='ltr'>tribuebantur</span> <span class='ocrx_word' id='word_1_264' title='bbox 606 1459 802 1502; x_wconf 85' lang='lat' dir='ltr'>antiquitati</span> <span class='ocrx_word' id='word_1_265' title='bbox 819 1461 1046 1508; x_wconf 67' lang='lat' dir='ltr'>episcopatus,</span> <span class='ocrx_word' id='word_1_266' title='bbox 1064 1476 1133 1498; x_wconf 89' lang='lat' dir='ltr'>non</span> <span class='ocrx_word' id='word_1_267' title='bbox 1152 1477 1263 1501; x_wconf 86' lang='lat' dir='ltr'>autem</span> <span class='ocrx_word' id='word_1_268' title='bbox 1281 1468 1442 1512; x_wconf 84' lang='lat' dir='ltr'>ecclefiae,</span> <span class='ocrx_word' id='word_1_269' title='bbox 1460 1473 1514 1506; x_wconf 85' lang='lat' dir='ltr'>cui</span> <span class='ocrx_word' id='word_1_270' title='bbox 1532 1486 1712 1519; x_wconf 81' lang='lat' dir='ltr'>praeerant</span> 
     </span>
     <span class='ocr_line' id='line_1_27' title="bbox 90 1504 1710 1569; baseline 0.014 -31"><span class='ocrx_word' id='word_1_271' title='bbox 90 1504 261 1550; x_wconf 86' lang='lat' dir='ltr'>dignitati.</span> <span class='ocrx_word' id='word_1_272' title='bbox 313 1505 356 1540; x_wconf 88' lang='lat' dir='ltr'>Id</span> <span class='ocrx_word' id='word_1_273' title='bbox 380 1504 508 1544; x_wconf 88' lang='lat' dir='ltr'>constat</span> <span class='ocrx_word' id='word_1_274' title='bbox 532 1520 572 1540; x_wconf 88' lang='lat' dir='ltr'>ex</span> <span class='ocrx_word' id='word_1_275' title='bbox 598 1504 714 1548; x_wconf 74' lang='lat' dir='ltr'>distiS,</span> <span class='ocrx_word' id='word_1_276' title='bbox 740 1511 925 1555; x_wconf 88' lang='lat' dir='ltr'>praecipue</span> <span class='ocrx_word' id='word_1_277' title='bbox 949 1524 1033 1547; x_wconf 76' lang='lat' dir='ltr'>vero</span> <span class='ocrx_word' id='word_1_278' title='bbox 1061 1526 1099 1547; x_wconf 84' lang='lat' dir='ltr'>ex</span> <span class='ocrx_word' id='word_1_279' title='bbox 1119 1515 1259 1560; x_wconf 79' lang='lat' dir='ltr'>epistola</span> <span class='ocrx_word' id='word_1_280' title='bbox 1274 1519 1455 1564; x_wconf 84' lang='lat' dir='ltr'>Augustini</span> <span class='ocrx_word' id='word_1_281' title='bbox 1474 1535 1568 1566; x_wconf 51' lang='lat'>207.,</span> <span class='ocrx_word' id='word_1_282' title='bbox 1587 1525 1622 1558; x_wconf 91' lang='lat' dir='ltr'>in</span> <span class='ocrx_word' id='word_1_283' title='bbox 1641 1537 1710 1569; x_wconf 74' lang='lat' dir='ltr'>qua</span> 
     </span>
     <span class='ocr_line' id='line_1_28' title="bbox 90 1554 1709 1618; baseline 0.012 -29"><span class='ocrx_word' id='word_1_284' title='bbox 90 1556 257 1600; x_wconf 85' lang='lat' dir='ltr'>queritur,</span> <span class='ocrx_word' id='word_1_285' title='bbox 285 1554 318 1589; x_wconf 86' lang='lat' dir='ltr'>se</span> <span class='ocrx_word' id='word_1_286' title='bbox 336 1556 478 1591; x_wconf 89' lang='lat' dir='ltr'>tertium</span> <span class='ocrx_word' id='word_1_287' title='bbox 499 1556 736 1594; x_wconf 87' lang='lat' dir='ltr'>nominatum,</span> <span class='ocrx_word' id='word_1_288' title='bbox 765 1559 826 1602; x_wconf 92' lang='lat' dir='ltr'>qui</span> <span class='ocrx_word' id='word_1_289' title='bbox 848 1559 995 1595; x_wconf 82' lang='lat' dir='ltr'>haudita</span> <span class='ocrx_word' id='word_1_290' title='bbox 1015 1562 1150 1608; x_wconf 89' lang='lat' dir='ltr'>pridem</span> <span class='ocrx_word' id='word_1_291' title='bbox 1170 1564 1350 1612; x_wconf 86' lang='lat' dir='ltr'>episcopus</span> <span class='ocrx_word' id='word_1_292' title='bbox 1374 1581 1461 1610; x_wconf 89' lang='lat' dir='ltr'>erat,</span> <span class='ocrx_word' id='word_1_293' title='bbox 1489 1575 1709 1618; x_wconf 84' lang='lat' dir='ltr'>caeterisque,</span> 
     </span>
     <span class='ocr_line' id='line_1_29' title="bbox 89 1604 1710 1667; baseline 0.015 -31"><span class='ocrx_word' id='word_1_294' title='bbox 89 1605 149 1648; x_wconf 84' lang='lat' dir='ltr'>qui</span> <span class='ocrx_word' id='word_1_295' title='bbox 166 1605 376 1648; x_wconf 85' lang='lat' dir='ltr'>antiquiores</span> <span class='ocrx_word' id='word_1_296' title='bbox 395 1616 506 1646; x_wconf 85' lang='lat' dir='ltr'>erant,</span> <span class='ocrx_word' id='word_1_297' title='bbox 533 1604 785 1652; x_wconf 81' lang='lat' dir='ltr'>praepositum,</span> <span class='ocrx_word' id='word_1_298' title='bbox 821 1607 928 1654; x_wconf 87' lang='lat' dir='ltr'>idque</span> <span class='ocrx_word' id='word_1_299' title='bbox 945 1610 1135 1648; x_wconf 87' lang='lat' dir='ltr'>luculenter</span> <span class='ocrx_word' id='word_1_300' title='bbox 1154 1614 1378 1652; x_wconf 84' lang='lat' dir='ltr'>confirmatur</span> <span class='ocrx_word' id='word_1_301' title='bbox 1397 1631 1436 1654; x_wconf 82' lang='lat' dir='ltr'>ex</span> <span class='ocrx_word' id='word_1_302' title='bbox 1455 1632 1525 1657; x_wconf 82' lang='lat' dir='ltr'>can.</span> <span class='ocrx_word' id='word_1_303' title='bbox 1550 1628 1606 1667; x_wconf 88' lang='lat'>56.</span> <span class='ocrx_word' id='word_1_304' title='bbox 1629 1636 1710 1659; x_wconf 84' lang='lat' dir='ltr'>con·</span> 
     </span>
     <span class='ocr_line' id='line_1_30' title="bbox 87 1652 586 1700; baseline 0.004 -12"><span class='ocrx_word' id='word_1_305' title='bbox 87 1653 157 1688; x_wconf 84' lang='lat' dir='ltr'>cilii</span> <span class='ocrx_word' id='word_1_306' title='bbox 173 1652 330 1698; x_wconf 85' lang='lat' dir='ltr'>Africani</span> <span class='ocrx_word' id='word_1_307' title='bbox 347 1652 450 1700; x_wconf 87' lang='lat' dir='ltr'>supra</span> <span class='ocrx_word' id='word_1_308' title='bbox 467 1654 586 1690; x_wconf 84' lang='lat' dir='ltr'>relato.</span> 
     </span>
    </p>

    <p class='ocr_par' dir='ltr' id='par_1_5' title="bbox 85 1702 1708 1999">
     <span class='ocr_line' id='line_1_31' title="bbox 189 1702 1708 1764; baseline 0.016 -28"><span class='ocrx_word' id='word_1_309' title='bbox 189 1705 370 1738; x_wconf 89' lang='lat' dir='ltr'>Caeterum</span> <span class='ocrx_word' id='word_1_310' title='bbox 389 1702 430 1738; x_wconf 80' lang='lat' dir='ltr'>ab</span> <span class='ocrx_word' id='word_1_311' title='bbox 448 1703 510 1738; x_wconf 88' lang='lat' dir='ltr'>hac</span> <span class='ocrx_word' id='word_1_312' title='bbox 525 1703 600 1750; x_wconf 85' lang='lat' dir='ltr'>lege</span> <span class='ocrx_word' id='word_1_313' title='bbox 616 1703 749 1752; x_wconf 84' lang='lat' dir='ltr'>semper</span> <span class='ocrx_word' id='word_1_314' title='bbox 769 1707 989 1753; x_wconf 80' lang='lat' dir='ltr'>excipiendus</span> <span class='ocrx_word' id='word_1_315' title='bbox 999 1711 1271 1758; x_wconf 67' lang='lat' dir='ltr'>carthaginensis</span> <span class='ocrx_word' id='word_1_316' title='bbox 1288 1715 1433 1759; x_wconf 81' lang='lat' dir='ltr'>antistes,</span> <span class='ocrx_word' id='word_1_317' title='bbox 1455 1721 1515 1764; x_wconf 88' lang='lat' dir='ltr'>qui</span> <span class='ocrx_word' id='word_1_318' title='bbox 1532 1721 1708 1760; x_wconf 80' lang='lat' dir='ltr'>universae</span> 
     </span>
     <span class='ocr_line' id='line_1_32' title="bbox 88 1751 1707 1818; baseline 0.011 -31"><span class='ocrx_word' id='word_1_319' title='bbox 88 1751 226 1789; x_wconf 87' lang='lat' dir='ltr'>Africae</span> <span class='ocrx_word' id='word_1_320' title='bbox 251 1752 381 1799; x_wconf 88' lang='lat' dir='ltr'>primas</span> <span class='ocrx_word' id='word_1_321' title='bbox 408 1763 479 1788; x_wconf 84' lang='lat' dir='ltr'>erat</span> <span class='ocrx_word' id='word_1_322' title='bbox 505 1764 539 1788; x_wconf 92' lang='lat' dir='ltr'>et</span> <span class='ocrx_word' id='word_1_323' title='bbox 564 1754 744 1797; x_wconf 85' lang='lat' dir='ltr'>exarchus,</span> <span class='ocrx_word' id='word_1_324' title='bbox 769 1755 826 1792; x_wconf 89' lang='lat' dir='ltr'>seu</span> <span class='ocrx_word' id='word_1_325' title='bbox 853 1768 889 1792; x_wconf 93' lang='lat' dir='ltr'>ut</span> <span class='ocrx_word' id='word_1_326' title='bbox 909 1759 955 1792; x_wconf 87' lang='lat' dir='ltr'>ita</span> <span class='ocrx_word' id='word_1_327' title='bbox 974 1757 1115 1804; x_wconf 86' lang='lat' dir='ltr'>loquar,</span> <span class='ocrx_word' id='word_1_328' title='bbox 1141 1763 1343 1807; x_wconf 85' lang='lat' dir='ltr'>patriarcha.</span> <span class='ocrx_word' id='word_1_329' title='bbox 1396 1768 1466 1803; x_wconf 90' lang='lat' dir='ltr'>Diu</span> <span class='ocrx_word' id='word_1_330' title='bbox 1485 1782 1562 1805; x_wconf 88' lang='lat' dir='ltr'>ante</span> <span class='ocrx_word' id='word_1_331' title='bbox 1578 1771 1707 1818; x_wconf 83' lang='lat' dir='ltr'>ipsum.</span> 
     </span>
     <span class='ocr_line' id='line_1_33' title="bbox 88 1802 1705 1866; baseline 0.014 -31"><span class='ocrx_word' id='word_1_332' title='bbox 88 1813 158 1838; x_wconf 87' lang='lat' dir='ltr'>met</span> <span class='ocrx_word' id='word_1_333' title='bbox 183 1802 399 1849; x_wconf 88' lang='lat' dir='ltr'>Cyprianum</span> <span class='ocrx_word' id='word_1_334' title='bbox 423 1803 641 1849; x_wconf 78' lang='lat' dir='ltr'>Agrippinas</span> <span class='ocrx_word' id='word_1_335' title='bbox 665 1805 731 1841; x_wconf 91' lang='lat' dir='ltr'>hoc</span> <span class='ocrx_word' id='word_1_336' title='bbox 756 1805 831 1852; x_wconf 81' lang='lat' dir='ltr'>jure</span> <span class='ocrx_word' id='word_1_337' title='bbox 856 1805 1054 1849; x_wconf 83' lang='lat' dir='ltr'>fruebatur,</span> <span class='ocrx_word' id='word_1_338' title='bbox 1083 1810 1112 1844; x_wconf 91' lang='lat' dir='ltr'>is</span> <span class='ocrx_word' id='word_1_339' title='bbox 1137 1814 1228 1854; x_wconf 84' lang='lat' dir='ltr'>enim</span> <span class='ocrx_word' id='word_1_340' title='bbox 1251 1827 1270 1849; x_wconf 86' lang='lat' dir='ltr'>a</span> <span class='ocrx_word' id='word_1_341' title='bbox 1287 1818 1468 1864; x_wconf 82' lang='lat' dir='ltr'>Cypriane</span> <span class='ocrx_word' id='word_1_342' title='bbox 1486 1820 1705 1866; x_wconf 80' lang='lat' dir='ltr'>reliquorum</span> 
     </span>
     <span class='ocr_line' id='line_1_34' title="bbox 87 1850 1704 1916; baseline 0.014 -31"><span class='ocrx_word' id='word_1_343' title='bbox 87 1850 335 1898; x_wconf 80' lang='lat' dir='ltr'>episcoporum</span> <span class='ocrx_word' id='word_1_344' title='bbox 361 1851 491 1898; x_wconf 86' lang='lat' dir='ltr'>praeses</span> <span class='ocrx_word' id='word_1_345' title='bbox 517 1851 849 1901; x_wconf 12' lang='lat' dir='ltr'>fuiffebinfinuatur,</span> <span class='ocrx_word' id='word_1_346' title='bbox 875 1857 1112 1906; x_wconf 81' lang='lat' dir='ltr'>quodquidem‚</span> <span class='ocrx_word' id='word_1_347' title='bbox 1141 1863 1272 1910; x_wconf 82' lang='lat' dir='ltr'>inquit,</span> <span class='ocrx_word' id='word_1_348' title='bbox 1301 1876 1334 1900; x_wconf 85' lang='lat' dir='ltr'>et</span> <span class='ocrx_word' id='word_1_349' title='bbox 1361 1869 1579 1916; x_wconf 64' lang='lat' dir='ltr'>Agrippinum</span> <span class='ocrx_word' id='word_1_350' title='bbox 1599 1870 1704 1907; x_wconf 83' lang='lat' dir='ltr'>bonae</span> 
     </span>
     <span class='ocr_line' id='line_1_35' title="bbox 86 1904 1705 1962; baseline 0.013 -26"><span class='ocrx_word' id='word_1_351' title='bbox 86 1905 264 1943; x_wconf 68' lang='lat' dir='ltr'>memoriae</span> <span class='ocrx_word' id='word_1_352' title='bbox 282 1904 342 1936; x_wconf 86' lang='lat' dir='ltr'>vir</span> <span class='ocrx_word' id='word_1_353' title='bbox 359 1914 428 1937; x_wconf 88' lang='lat' dir='ltr'>cum</span> <span class='ocrx_word' id='word_1_354' title='bbox 445 1906 588 1938; x_wconf 83' lang='lat' dir='ltr'>caeteris</span> <span class='ocrx_word' id='word_1_355' title='bbox 606 1908 812 1953; x_wconf 80' lang='lat' dir='ltr'>coepiscopis,</span> <span class='ocrx_word' id='word_1_356' title='bbox 824 1910 882 1954; x_wconf 86' lang='lat' dir='ltr'>qui</span> <span class='ocrx_word' id='word_1_357' title='bbox 897 1909 953 1942; x_wconf 84' lang='lat' dir='ltr'>illo</span> <span class='ocrx_word' id='word_1_358' title='bbox 963 1917 1109 1955; x_wconf 81' lang='lat' dir='ltr'>tempore</span> <span class='ocrx_word' id='word_1_359' title='bbox 1120 1912 1156 1945; x_wconf 85' lang='lat' dir='ltr'>in</span> <span class='ocrx_word' id='word_1_360' title='bbox 1160 1915 1339 1957; x_wconf 82' lang='lat' dir='ltr'>provincia</span> <span class='ocrx_word' id='word_1_361' title='bbox 1349 1918 1477 1962; x_wconf 82' lang='lat' dir='ltr'>Africa</span> <span class='ocrx_word' id='word_1_362' title='bbox 1495 1928 1529 1954; x_wconf 87' lang='lat' dir='ltr'>et</span> <span class='ocrx_word' id='word_1_363' title='bbox 1537 1921 1705 1956; x_wconf 78' lang='lat' dir='ltr'>Numidia</span> 
     </span>
     <span class='ocr_line' id='line_1_36' title="bbox 85 1950 755 1999; baseline 0.004 -12"><span class='ocrx_word' id='word_1_364' title='bbox 85 1951 241 1999; x_wconf 71' lang='lat' dir='ltr'>ecelefiam</span> <span class='ocrx_word' id='word_1_365' title='bbox 258 1951 332 1986; x_wconf 83' lang='lat' dir='ltr'>Dei</span> <span class='ocrx_word' id='word_1_366' title='bbox 342 1950 583 1999; x_wconf 79' lang='lat' dir='ltr'>gubernabant</span> <span class='ocrx_word' id='word_1_367' title='bbox 594 1979 602 1993; x_wconf 92' lang='lat'>,</span> <span class='ocrx_word' id='word_1_368' title='bbox 625 1954 755 1997; x_wconf 75' lang='lat' dir='ltr'>statuit.</span> 
     </span>
    </p>

    <p class='ocr_par' dir='ltr' id='par_1_6' title="bbox 86 2001 1703 2206">
     <span class='ocr_line' id='line_1_37' title="bbox 146 2001 1702 2061; baseline 0.015 -29"><span class='ocrx_word' id='word_1_369' title='bbox 146 2006 154 2008; x_wconf 79' lang='grc'><em>“</em></span> <span class='ocrx_word' id='word_1_370' title='bbox 184 2001 337 2036; x_wconf 83' lang='lat' dir='ltr'>Maxima</span> <span class='ocrx_word' id='word_1_371' title='bbox 355 2013 491 2050; x_wconf 81' lang='lat' dir='ltr'>quoque</span> <span class='ocrx_word' id='word_1_372' title='bbox 509 2001 611 2049; x_wconf 87' lang='lat' dir='ltr'>hujus</span> <span class='ocrx_word' id='word_1_373' title='bbox 631 2003 719 2039; x_wconf 86' lang='lat' dir='ltr'>sedis</span> <span class='ocrx_word' id='word_1_374' title='bbox 736 2005 915 2051; x_wconf 83' lang='lat' dir='ltr'>privilegia</span> <span class='ocrx_word' id='word_1_375' title='bbox 931 2017 963 2040; x_wconf 89' lang='lat' dir='ltr'>et</span> <span class='ocrx_word' id='word_1_376' title='bbox 980 2005 1056 2053; x_wconf 80' lang='lat' dir='ltr'>jura</span> <span class='ocrx_word' id='word_1_377' title='bbox 1074 2007 1107 2042; x_wconf 87' lang='lat' dir='ltr'>in</span> <span class='ocrx_word' id='word_1_378' title='bbox 1129 2008 1278 2055; x_wconf 87' lang='lat' dir='ltr'>epistolis</span> <span class='ocrx_word' id='word_1_379' title='bbox 1301 2013 1464 2061; x_wconf 82' lang='lat' dir='ltr'>Cypriani</span> <span class='ocrx_word' id='word_1_380' title='bbox 1485 2016 1631 2054; x_wconf 73' lang='lat' dir='ltr'>elucent:</span> <span class='ocrx_word' id='word_1_381' title='bbox 1660 2019 1702 2055; x_wconf 86' lang='lat' dir='ltr'>sic</span> 
     </span>
     <span class='ocr_line' id='line_1_38' title="bbox 86 2050 1703 2116; baseline 0.013 -32"><span class='ocrx_word' id='word_1_382' title='bbox 86 2062 139 2097; x_wconf 83' lang='lat' dir='ltr'>ep.</span> <span class='ocrx_word' id='word_1_383' title='bbox 162 2062 221 2094; x_wconf 85' lang='lat'>45.</span> <span class='ocrx_word' id='word_1_384' title='bbox 250 2058 356 2085; x_wconf 90' lang='lat' dir='ltr'>tota&#39;m</span> <span class='ocrx_word' id='word_1_385' title='bbox 384 2050 538 2086; x_wconf 80' lang='lat' dir='ltr'>Africam</span> <span class='ocrx_word' id='word_1_386' title='bbox 566 2055 783 2099; x_wconf 84' lang='lat' dir='ltr'>provinciam</span> <span class='ocrx_word' id='word_1_387' title='bbox 808 2055 900 2090; x_wconf 88' lang='lat' dir='ltr'>suam</span> <span class='ocrx_word' id='word_1_388' title='bbox 926 2068 1042 2091; x_wconf 88' lang='lat' dir='ltr'>vocat:</span> <span class='ocrx_word' id='word_1_389' title='bbox 1072 2057 1253 2100; x_wconf 76' lang='lat' dir='ltr'>Quoniam,</span> <span class='ocrx_word' id='word_1_390' title='bbox 1283 2064 1412 2111; x_wconf 80' lang='lat' dir='ltr'>inquit,</span> <span class='ocrx_word' id='word_1_391' title='bbox 1439 2069 1640 2115; x_wconf 78' lang='lat' dir='ltr'>latiusfusa</span> <span class='ocrx_word' id='word_1_392' title='bbox 1659 2070 1703 2116; x_wconf 82' lang='lat' dir='ltr'>est</span> 
     </span>
     <span class='ocr_line' id='line_1_39' title="bbox 86 2099 1701 2154; baseline 0.012 -19"><span class='ocrx_word' id='word_1_393' title='bbox 86 2099 195 2146; x_wconf 77' lang='lat' dir='ltr'>nostra</span> <span class='ocrx_word' id='word_1_394' title='bbox 205 2102 386 2146; x_wconf 78' lang='lat' dir='ltr'>provincia</span> <span class='ocrx_word' id='word_1_395' title='bbox 404 2101 503 2146; x_wconf 76' lang='lat' dir='ltr'>habet</span> <span class='ocrx_word' id='word_1_396' title='bbox 513 2102 711 2150; x_wconf 65' lang='lat' dir='ltr'>Numidiam</span> <span class='ocrx_word' id='word_1_397' title='bbox 727 2113 760 2138; x_wconf 83' lang='lat' dir='ltr'>et</span> <span class='ocrx_word' id='word_1_398' title='bbox 770 2104 852 2140; x_wconf 85' lang='lat' dir='ltr'>duas</span> <span class='ocrx_word' id='word_1_399' title='bbox 861 2106 1169 2154; x_wconf 80' lang='lat' dir='ltr'>Mauritaniasfibi</span> <span class='ocrx_word' id='word_1_400' title='bbox 1186 2111 1405 2150; x_wconf 71' lang='lat' dir='ltr'>cohaerentes.</span> <span class='ocrx_word' id='word_1_401' title='bbox 1459 2118 1551 2151; x_wconf 85' lang='lat' dir='ltr'>Hinc</span> <span class='ocrx_word' id='word_1_402' title='bbox 1566 2131 1602 2152; x_wconf 80' lang='lat' dir='ltr'>ex</span> <span class='ocrx_word' id='word_1_403' title='bbox 1626 2120 1701 2153; x_wconf 87' lang='lat' dir='ltr'>uni-</span> 
     </span>
     <span class='ocr_line' id='line_1_40' title="bbox 86 2147 1700 2206; baseline 0.011 -24"><span class='ocrx_word' id='word_1_404' title='bbox 86 2148 188 2183; x_wconf 82' lang='lat' dir='ltr'>verfis</span> <span class='ocrx_word' id='word_1_405' title='bbox 213 2147 348 2184; x_wconf 80' lang='lat' dir='ltr'>Africae</span> <span class='ocrx_word' id='word_1_406' title='bbox 372 2151 561 2198; x_wconf 83' lang='lat' dir='ltr'>provinciis</span> <span class='ocrx_word' id='word_1_407' title='bbox 594 2150 800 2195; x_wconf 82' lang='lat' dir='ltr'>consulitur,</span> <span class='ocrx_word' id='word_1_408' title='bbox 829 2166 860 2189; x_wconf 88' lang='lat' dir='ltr'>et</span> <span class='ocrx_word' id='word_1_409' title='bbox 884 2155 1065 2201; x_wconf 83' lang='lat' dir='ltr'>respondet</span> <span class='ocrx_word' id='word_1_410' title='bbox 1089 2156 1192 2193; x_wconf 85' lang='lat' dir='ltr'>veluti</span> <span class='ocrx_word' id='word_1_411' title='bbox 1215 2171 1371 2206; x_wconf 74' lang='lat' dir='ltr'>magnam</span> <span class='ocrx_word' id='word_1_412' title='bbox 1388 2162 1624 2204; x_wconf 66' lang='lat' dir='ltr'>austeritatem</span> <span class='ocrx_word' id='word_1_413' title='bbox 1644 2169 1700 2204; x_wconf 73' lang='lat' dir='ltr'>ha-</span> 
     </span>
    </p>
   </div>
   <div class='ocr_carea' id='block_1_3' title="bbox 85 2195 1257 2254">
    <p class='ocr_par' dir='ltr' id='par_1_7' title="bbox 85 2195 1257 2254">
     <span class='ocr_line' id='line_1_41' title="bbox 85 2195 1257 2254; baseline 0.009 -21"><span class='ocrx_word' id='word_1_414' title='bbox 85 2195 185 2242; x_wconf 75' lang='lat' dir='ltr'>bens,</span> <span class='ocrx_word' id='word_1_415' title='bbox 213 2210 252 2235; x_wconf 89' lang='lat' dir='ltr'>ut</span> <span class='ocrx_word' id='word_1_416' title='bbox 269 2199 382 2236; x_wconf 83' lang='lat' dir='ltr'>videre</span> <span class='ocrx_word' id='word_1_417' title='bbox 401 2200 446 2236; x_wconf 85' lang='lat' dir='ltr'>est</span> <span class='ocrx_word' id='word_1_418' title='bbox 463 2213 514 2248; x_wconf 85' lang='lat' dir='ltr'>ep.</span> <span class='ocrx_word' id='word_1_419' title='bbox 538 2213 594 2249; x_wconf 51' lang='lat'>59,</span> <span class='ocrx_word' id='word_1_420' title='bbox 615 2206 671 2239; x_wconf 85' lang='lat'>61.</span> <span class='ocrx_word' id='word_1_421' title='bbox 692 2215 751 2249; x_wconf 80' lang='lat'>70.</span> <span class='ocrx_word' id='word_1_422' title='bbox 774 2215 832 2250; x_wconf 85' lang='lat'>71.</span> <span class='ocrx_word' id='word_1_423' title='bbox 859 2217 916 2250; x_wconf 89' lang='lat'>73.</span> <span class='ocrx_word' id='word_1_424' title='bbox 935 2217 965 2240; x_wconf 90' lang='lat' dir='ltr'>et</span> <span class='ocrx_word' id='word_1_425' title='bbox 981 2204 1181 2252; x_wconf 82' lang='lat' dir='ltr'>praesertim</span> <span class='ocrx_word' id='word_1_426' title='bbox 1200 2213 1257 2254; x_wconf 84' lang='lat'>65.</span> 
     </span>
    </p>
   </div>
   <div class='ocr_carea' id='block_1_4' title="bbox 881 2304 1646 2352">
    <p class='ocr_par' dir='ltr' id='par_1_8' title="bbox 881 2304 1646 2352">
     <span class='ocr_line' id='line_1_42' title="bbox 881 2304 1646 2352; baseline 0.016 -12"><span class='ocrx_word' id='word_1_427' title='bbox 881 2304 909 2340; x_wconf 93' lang='lat' dir='ltr'>C</span> <span class='ocrx_word' id='word_1_428' title='bbox 937 2315 956 2350; x_wconf 87' lang='lat'><em>3</em></span> <span class='ocrx_word' id='word_1_429' title='bbox 1566 2312 1646 2352; x_wconf 80' lang='lat' dir='ltr'>Post</span> 
     </span>
    </p>
   </div>
  </div>
 </body>
</html>
