2023 2760
1557 206 1562 207 ’
1611 216 1680 252 vn

26 317 29 320 .
105 277 356 322 Dissertatio
376 275 408 322 1.
447 276 520 323 De
553 279 696 326 forma
729 291 772 327 et
807 284 1098 332 distributione
1131 293 1418 351 ecclesiarum,
1477 303 1727 358 praesertim

193 362 345 408 quarto
371 351 570 396 ecclefiae
591 352 758 399 saeculo
773 388 785 408 ,
816 359 887 401 ubi
908 361 960 403 de
979 364 1229 418 patriarchis
1244 400 1256 420 ,
1296 374 1602 430 metropolitis,
1635 377 1727 419 isso«

189 438 371 482 rumque
393 426 488 482 jure
513 437 556 471 et
577 431 886 487 praerogativis
911 436 1066 491 agitur.
1686 464 1724 492 1,

101 537 349 585 Dissertatio
371 539 423 587 Π.
454 541 525 585 De
549 543 689 588 forma
707 545 965 600 judiciorum
985 548 1361 598 ecclesiastieorum
1375 588 1389 608 ⁷
1417 559 1488 601 ubi
1509 559 1561 603 de
1581 563 1726 620 appel=⁹

186 612 416 657 lationibus
438 614 633 660 adversus
656 631 865 675 nuperam
886 620 1108 669 Christiani
1134 623 1247 684 Lupi
1271 627 1324 672 de
1357 629 1438 674 illis
1465 631 1723 679 lucubratio-

187 698 303 728 nem.
780 733 787 737 ,
1653 720 1725 765 75„

97 797 345 847 Dissertatio
391 801 464 851 III.
524 804 599 850 De
639 809 814 868 antiqua
853 810 1109 872 infligendae
1146 821 1604 869 excommunicationis
1658 841 1724 869 ra-=

185 879 322 914 t1one.
620 883 624 886 ⁴
1625 907 1723 951 194..

93 981 343 1031 Dissertatio
365 986 443 1034 IV.
485 988 556 1035 De
581 996 767 1051 primatu
791 995 981 1043 Romani
1002 1004 1238 1058 pontificis.
1620 1023 1723 1067 242.

91 1094 342 1142 Dissertatio
361 1099 419 1145 V.
447 1102 496 1144 In
512 1118 595 1161 qua
611 1108 821 1163 probatur
838 1110 1045 1166 judicium
1067 1112 1258 1160 Romani
1286 1120 1506 1175 pontificis
1526 1135 1616 1166 non
1641 1122 1720 1166 esse

181 1169 510 1211 irreformabile.
1619 1202 1673 1245 27
1682 1204 1722 1234 1.

86 1269 332 1316 Dissertatio
353 1270 433 1318 VI.
483 1272 555 1318 De
590 1276 759 1320 concilii
793 1280 1009 1336 generalis
1036 1279 1161 1340 supra
1189 1280 1441 1333 Romanum
1469 1291 1722 1346 pontificem

176 1340 452 1388 auttoritate.
1617 1378 1719 1420 302⁰

89 1447 338 1497 Dissertatio
358 1449 455 1497 VII.
483 1450 530 1495 ln
556 1465 640 1512 qua
673 1456 882 1512 probatur
915 1456 1167 1518 pontificem
1203 1472 1277 1508 aut
1310 1466 1528 1513 ecclesiam
1556 1471 1719 1519 nullam

174 1520 334 1567 habere
352 1524 395 1566 in
415 1539 540 1582 reges
564 1539 798 1585 eorumque
814 1530 928 1574 bona
956 1532 1257 1580 austoritatem
1290 1538 1495 1585 direftam
1521 1542 1589 1586 vel
1609 1545 1716 1589 indi-

175 1589 359 1647 retiam,
390 1609 472 1638 nee
489 1596 605 1653 posse
629 1611 754 1654 reges
788 1601 844 1642 ab*
863 1602 958 1658 ipsis
991 1605 1202 1653 ullatenus
1232 1608 1419 1668 deponi,
1461 1624 1537 1658 aut
1565 1629 1718 1662 eorum

175 1663 367 1710 subditos-
400 1680 427 1709 a
448 1666 533 1713 fide
558 1678 601 1713 et
622 1668 866 1716 obedientia
879 1673 1025 1722 eximi.
1612 1704 1716 1748 347.

1361 2274 1408 2323 M
1418 2277 1654 2327 ONITVM
