1982 2739
318 225 391 262 2304
503 212 505 215 ·
565 213 634 250 m:
659 207 934 252 ANTIQUA
960 199 1239 240 Eccrrstffi
1264 197 1595 233 DISCIPLINA

266 320 364 344 mum
385 307 557 342 inventam
574 312 606 336 et
624 296 789 334 investam
816 293 931 332 fuisse,
982 301 1081 336 atque
1104 298 1200 326 antea
1228 285 1380 322 ecclesiae
1401 283 1535 331 semper
1561 280 1759 330 persuasum
1777 278 1873 316 fuiffe

267 359 434 405 majorem
449 353 512 390 effe
535 350 673 388 concilii
689 346 890 395 praesertim
908 341 1088 390 generalis,
1142 350 1247 383 quam
1265 337 1408 372 Romani
1428 331 1602 381 pontificis
1621 331 1876 368 auctoritatem:

267 420 305 444 ac
340 407 477 442 demum
514 402 607 438 idem
641 399 682 434 ab
717 397 787 445 ipsa
821 394 896 443 post
931 402 1059 428 motam
1093 389 1187 424 litem
1221 388 1257 422 iu
1291 384 1442 422 conciliis
1478 381 1692 429 generalibus
1720 381 1878 416 statutum

266 469 369 502 atque
410 453 586 491 definitum
624 448 701 485 effe:
754 447 836 482 haee
861 443 962 482 sunt,
990 451 1076 488 quae
1102 437 1200 475 nobis
1235 434 1394 474 adversus
1429 432 1675 469 Bellarminum
1709 429 1882 467 ostendere

269 508 418 554 oportet.

1016 647 1042 688 §.
1103 645 1130 680 Ι,

474 761 661 814 potestatis
688 756 910 810 ecclefiasticae
939 751 1164 851 ἱηυηεσῖίἰῗαυι
1185 745 1367 798 subjeffum
1394 742 1450 794 effe
1475 741 1664 792 universam

1000 814 1050 838 ecc
1065 814 1080 836 e
1093 812 1170 836 zam.

272 917 581 1013 Propofitarum
603 917 838 966 quaestionum
858 913 1015 950 definitio
1034 922 1103 947 tota
1118 908 1241 956 pendet
1262 918 1298 941 ex
1315 905 1417 952 hujus
1442 900 1608 950 principii
1634 896 1888 936 determinatio-

375 989 434 1025 ne,
461 972 553 1018 quod
572 969 662 1006 hisce
682 968 796 1004 verbis
825 979 842 1001 a
860 963 985 1000 nostris
1014 960 1184 1006 theologis
1212 956 1422 1001 concipitur:
1459 953 1619 1001 quodnam
1635 950 1682 997 fit
1699 947 1889 995 subjeHum

275 1026 500 1065 immediatum
515 1020 690 1069 potestatis
708 1016 939 1064 ecclefiasiicae.
993 1009 1115 1047 Sensus
1133 1007 1196 1048 est,
1224 1019 1265 1041 an
1292 1003 1440 1051 potestas
1467 1002 1612 1037 clavium
1634 999 1671 1034 sit
1694 996 1888 1033 immediate

275 1073 425 1114 concessa
442 1070 648 1108 universitati
671 1066 837 1106 ecclefiae,
867 1074 903 1098 ut
922 1074 983 1109 per
1001 1062 1073 1109 ejus
1091 1055 1263 1095 ministros
1280 1066 1317 1090 ac
1337 1066 1400 1101 per
1425 1051 1596 1088 summum
1622 1046 1817 1095 pontificem
1835 1056 1889 1078 ex-

276 1136 447 1165 erceatur,
475 1134 517 1157 an
535 1132 615 1155 vero
633 1117 766 1154 summo
782 1112 941 1162 pontifici
959 1122 1016 1147 aut
1037 1111 1135 1145 etiam
1156 1105 1324 1153 episcopis
1343 1103 1379 1138 fit
1395 1100 1591 1137 immediate
1606 1097 1741 1133 collata:
1770 1097 1834 1130 hoc
1845 1091 1890 1128 est

276 1176 420 1214 scilicet,
450 1168 684 1217 quaestionum
707 1163 963 1213 propositarum
984 1159 1261 1197 fundamentum3
1291 1165 1368 1188 nam
1387 1151 1409 1186 fi
1438 1150 1582 1186 clavium
1601 1146 1745 1194 potestas
1771 1144 1816 1179 est
1832 1155 1891 1189 pe-

277 1238 337 1261 nes
356 1223 466 1259 solum
484 1217 679 1267 pontificem
700 1220 912 1253 Romanum,
940 1210 1030 1246 haud
1051 1208 1195 1244 dubium
1217 1204 1271 1242 est,
1292 1203 1373 1248 quin
1394 1200 1494 1247 super
1511 1197 1702 1234 universam
1723 1192 1890 1230 ecclesram

277 1272 476 1322 potestatem
493 1268 629 1307 habeat,
657 1277 734 1300 cum
751 1264 851 1298 aliam
872 1259 1070 1307 potestatem
1098 1257 1158 1291 hac
1186 1256 1221 1288 in
1250 1251 1429 1300 hypothesi
1458 1261 1529 1283 non
1561 1247 1682 1281 habeat
1708 1241 1839 1277 ecclesia
1864 1251 1895 1276 et

279 1321 440 1371 praelati,
469 1329 570 1361 quam
593 1326 676 1359 quae
693 1313 759 1346 illis
778 1311 819 1345 ab
837 1309 911 1354 ipso
930 1307 1219 1342 communicatur3
1247 1301 1339 1335 secus
1361 1310 1442 1332 vero
1459 1296 1480 1330 fi
1499 1299 1569 1331 vice
1585 1293 1677 1329 versa
1688 1290 1819 1326 ecclefia
1835 1289 1891 1324 su·

282 1380 438 1419 premam
456 1365 555 1401 habet
572 1359 789 1410 potestatem,
818 1369 903 1402 quae
918 1355 958 1390 ab
977 1367 1012 1389 ea
1031 1355 1065 1388 in
1080 1349 1249 1387 ministros
1266 1348 1336 1394 ejus
1354 1346 1594 1389 summumque
1621 1339 1818 1388 pontificem
1837 1339 1890 1374 de-

282 1423 423 1457 1ivatur.
477 1417 611 1460 Operae
629 1411 779 1458 pretium
790 1405 835 1442 est
852 1417 935 1450 ergo
947 1430 955 1446 ‚
983 1413 1158 1447 antequam
1172 1398 1258 1433 ultra
1274 1395 1556 1443 progrediamur,
1586 1391 1737 1438 opiniois
1757 1387 1891 1424 nostrae

281 1468 543 1506 fundamentum
563 1475 600 1497 ex
616 1459 798 1495 traditione
815 1453 1025 1491 confirmare.
1081 1454 1131 1486 Ut
1157 1460 1239 1492 ergo
1264 1456 1373 1492 pateat
1397 1454 1544 1478 mentem
1572 1443 1796 1486 antiquorum
1816 1450 1892 1473 om-

283 1521 378 1554 nium
397 1513 511 1554 fuisse,
540 1512 646 1547 claves
664 1521 733 1543 non
755 1506 814 1540 uni
835 1507 935 1538 Petro
948 1526 957 1542 ‚
984 1500 1038 1535 sed
1057 1500 1090 1532 in
1108 1495 1254 1544 persona
1273 1496 1362 1528 Petri
1386 1491 1592 1526 universitati
1619 1488 1769 1525 ecciesiae
1790 1486 1894 1522 colla·

279 1580 332 1617 ,ras
349 1564 428 1606 esse,
455 1574 537 1608 quas
554 1560 610 1594 illa
627 1555 788 1593 ministris
814 1552 881 1588 suis
905 1562 1004 1595 atque
1022 1547 1083 1595 ipsi
1110 1546 1242 1581 summo
1268 1540 1423 1590 pontifici
1447 1541 1694 1579 communicat,
1729 1536 1894 1572 nonnulla

283 1626 438 1653 veterum
459 1612 493 1646 id
519 1607 641 1644 diserte
667 1604 878 1641 afferentium
902 1598 1095 1635 testimonia
1119 1592 1279 1631 referam.
1334 1590 1512 1636 Imprimis
1545 1601 1627 1623 vero
1656 1586 1781 1633 spestat
1807 1585 1894 1621 illud

285 1663 412 1703 Christi
431 1661 559 1697 ditium
575 1656 666 1704 apud
686 1654 898 1691 Matthaeum
924 1647 1089 1693 evangelii
1113 1657 1139 1680 c.
1175 1649 1227 1682 18.
1279 1641 1318 1677 Si
1337 1653 1385 1675 eos
1415 1639 1508 1685 tofles
1528 1650 1592 1673 non
1618 1636 1772 1671 audierit
1791 1633 1897 1670 frater

284 1725 437 1764 peccans,
465 1711 518 1746 dic
535 1706 696 1752 ecclesiae,
714 1705 744 1751 fi
761 1711 871 1737 autem
887 1698 1042 1745 ecclesiam
1058 1708 1124 1731 non
1140 1692 1309 1729 audierit,
1335 1690 1374 1735 fit
1390 1689 1456 1724 tibi
1466 1688 1550 1734 ficut
1568 1687 1717 1722 ethnicus
1737 1694 1770 1720 et
1785 1683 1897 1732 publi-

288 1778 399 1802 canus.
455 1764 534 1803 Quo
553 1768 644 1803 patet
662 1753 854 1800 supremam
873 1743 1186 1784 excommunicandi
1207 1738 1402 1787 potestatem
1414 1734 1695 1784 penes-ecclefiam
1715 1732 1785 1768 effe.
1816 1735 1898 1768 Hoc

287 1825 399 1849 autem
420 1823 456 1845 ex
477 1807 538 1844 isto
556 1806 633 1841 loco
658 1801 800 1847 aliisque
818 1797 984 1835 similibus
1006 1795 1194 1831 intulerunt
1211 1790 1343 1835 antiqui
1362 1800 1498 1836 patres,
1527 1796 1677 1832 quorum
1695 1780 1895 1818 seleaamn·

291 1875 365 1899 tum
384 1872 415 1896 et
433 1869 548 1905 aperta
576 1853 765 1890 testimonia
791 1847 947 1885 referam.

439 1905 678 1943 Tertullianus
690 1900 863 1947 Scorpiaci
879 1909 949 1943 cap.
973 1907 1025 1929 ιο.
1076 1892 1248 1928 AsIomenro
1267 1889 1373 1922 claves
1389 1887 1442 1922 hvic
1460 1885 1627 1921 dominum
1655 1883 1752 1918 Petro
1774 1888 1808 1916 et
1829 1891 1897 1927 per·

295 1973 365 1997 eum
385 1958 528 2004 ecclefiae
550 1952 733 2000 reliquiffe.
787 1948 982 1995 Cyprianus
1002 1943 1066 1979 lib.·
1080 1942 1121 1977 de
1138 1939 1262 1976 unitate
1280 1936 1438 1972 ecclesiae.
1491 1936 1657 1981 Loquitur
1681 1931 1829 1966 dominus
1851 1929 1897 1965 aa

291 2013 445 2048 Petrum:
478 2004 529 2040 Tu
551 2015 582 2038 es
600 2003 738 2040 Petrus,
768 2008 828 2033 etc.
887 1994 969 2030 Tibi
988 1992 1071 2028 dabo
1093 1993 1197 2026 claves
1215 1990 1316 2035 regni
1334 1988 1500 2021 coelorum.
1552 1983 1600 2017 Et
1615 1983 1765 2030 quamvis
1774 1979 1898 2025 aposto·

294 2063 335 2096 lis
357 2054 501 2092 omnibus
517 2052 585 2100 post
608 2048 886 2095 resurrefiionem
906 2048 995 2087 luam
1011 2038 1330 2090 parempotestatem
1346 2034 1497 2073 tribuat,
1525 2042 1557 2068 et
1575 2032 1684 2067 dicat.-
1718 2030 1812 2065 Sicut
1836 2029 1897 2061 mi-

286 2110 332 2157 fit
350 2118 396 2141 me
416 2106 528 2138 vicem
547 2108 647 2148 pater
661 2107 781 2145 pater,
810 2095 873 2132 &a
908 2104 1016 2129 tamen
1036 2099 1074 2125 ut
1098 2091 1259 2124 unitatem
1286 2084 1538 2130 manifestaret,
1589 2082 1734 2115 unitatis
1750 2076 1897 2122 ejusdem

296 2158 461 2204 originem
480 2150 519 2186 ab
538 2162 600 2185 uno
619 2150 830 2193 incipientem
837 2147 900 2190 sua
917 2144 1101 2177 autoritate
1119 2136 1299 2183 disposuit,
1327 2135 1383 2168 hoc
1394 2140 1492 2167 erant
1509 2134 1624 2178 utique
1640 2137 1674 2164 et
1687 2128 1811 2163 caeteri
1819 2137 1900 2172 apo-

291 2207 381 2256 stoli,
404 2201 487 2252 quod
500 2201 578 2248 fuit
598 2198 712 2232 Petrus
727 2198 811 2244 pari
826 2194 987 2239 consortio
1002 2186 1153 2239 praediti
1172 2186 1302 2220 honoris
1324 2192 1355 2218 et
1371 2181 1549 2230 potestatis.

761 2299 775 2312 ⁶
1740 2283 1849 2328 Optn-
