2022 2733
287 208 795 245 DISSERTATIONES
833 209 1185 264 HUIS-TORICAE.
1238 212 1502 251 Disszmqvn.
1604 225 1673 261 435

106 305 208 340 ‘reges
225 294 352 341 deponi
367 308 480 331 revera
497 297 609 344 poffe,
637 308 715 334 cum
727 312 744 334 a
763 298 831 334 fide
847 297 1029 335 aberrant·
1068 301 1131 338 Sed
1155 314 1288 340 tantum
1303 305 1326 341 si
1346 301 1480 348 quando
1500 301 1628 349 deponi
1645 300 1727 350 pos-

104 343 180 379 sent
200 347 344 381 maxime
361 347 396 381 in
416 349 558 393 negotio
578 347 672 389 fidei,
700 349 794 393 quod
816 360 927 385 tamen
946 362 1065 386 verum
1083 365 1152 388 non
1171 352 1226 389 est.
1257 356 1433 389 Henricus
1450 351 1574 387 scilicet
1593 366 1627 389 et
1638 352 1726 400 epis-

105 396 204 440 copi,
234 397 293 443 qui
311 395 351 430 ab
372 396 464 431 illius
484 397 637 444 partibus
656 397 802 436 stabant.
830 402 1120 447 exautorationem
1145 416 1162 438 a
1182 405 1359 450 Gregorio
1386 400 1511 437 fagiam
1531 401 1661 448 duplici
1688 416 1727 438 ex

103 445 215 490 capite
235 445 443 491 arguebant:
471 449 589 493 primo
606 461 644 482 ex
665 458 725 489 eo,
753 449 847 493 quod
863 449 1058 496 hujusmodi
1075 453 1270 498 potestatem
1298 467 1370 489 non
1396 451 1532 488 haberet
1558 451 1727 498 pontifex,

103 493 231 529 deinde
248 507 288 529 ex
306 508 364 536 eo,
392 498 485 541 quod
503 497 629 532 etiamii
648 497 829 542 aliquando
851 511 946 544 reges
965 499 1092 546 deponi
1109 502 1259 548 possent,
1289 502 1366 538 fieri
1381 501 1415 536 id
1443 513 1513 537 non
1539 500 1649 546 poffet
1666 501 1726 537 nisi

106 543 144 577 in
164 542 240 578 casu
262 544 460 586 haereseos,
488 546 580 591 quod
599 556 711 580 tamen
728 546 927 582 faciendum
946 560 1016 582 non
1037 549 1100 584 effe
1117 551 1309 596 probabant
1327 551 1482 596 exemplo
1500 550 1628 596 Juliani
1645 563 1726 597 apo-

103 591 202 628 statae
224 605 256 629 et
274 593 363 629 beati
381 596 470 629 Petri
489 595 695 630 testimonio.
747 595 930 629 Falluntur
949 608 1047 641 ergo,
1075 601 1134 642 qui
1153 599 1240 635 istud
1258 613 1320 646 per
1335 598 1576 635 conceffionem
1594 598 1724 636 diuum

103 653 201 688 reges
217 650 298 678 'non
324 642 418 690 poffe
447 642 573 690 deponi
598 642 659 678 nifi
688 655 705 677 a
733 643 800 677 fide
823 643 1089 681 exorbitaverint
1113 646 1279 682 affirmate
1306 648 1436 684 digium
1462 648 1523 683 effe
1539 660 1724 686 autumant.

101 693 191 727 Non
208 692 420 727 advertentes
438 692 519 728 haec
535 692 655 733 verba,
684 704 769 736 quae
786 692 996 740 praecedunt
1023 702 1057 730 te
1074 697 1171 742 teste,
1205 709 1290 742 quae
1314 695 1488 733 manifeste
1515 697 1666 742 probant
1689 700 1723 734 id

101 750 233 776 tantum
250 741 458 828 adstmentem
478 743 646 790 Gregorii
664 740 797 777 distum
813 741 913 779 fuiffe
929 742 971 778 ab
989 746 1145 781 Henrico
1172 758 1205 782 et
1229 745 1417 795 episcopis,
1472 749 1531 793 qui
1559 747 1600 783 ab
1619 746 1725 795 ipsius

101 791 258 837 partibus
315 791 424 828 abant.

639 952 689 993 De
719 953 859 995 ottonis
883 952 956 993 IV.
982 955 1190 1008 depoſsitione.

98 1063 328 1161 Decimum
347 1126 549 1172 exemplum,
575 1123 689 1171 inquit
705 1124 948 1168 Remmium,
982 1125 1025 1173 est
1042 1124 1229 1162 Innocentii
1253 1126 1339 1169 HL,
1376 1132 1435 1176 qui
1465 1129 1623 1166 Ottonem
1654 1132 1716 1167 IV.

64 1170 70 1175 ¹
95 1177 252 1222 fimiliter
269 1175 441 1221 deposuit,
470 1184 510 1210 ut
521 1183 623 1222 patet
641 1188 681 1212 ex
697 1176 827 1212 Blondo
845 1176 968 1212 decade
987 1186 1016 1211 2.
1043 1173 1106 1210 lib.
1131 1179 1162 1210 6.

247 1236 470 1283 Respondeo‚
490 1239 654 1273 Ottonem
674 1248 852 1282 nunquam
876 1235 1072 1283 legitimum
1100 1233 1199 1271 fuisse
1226 1238 1492 1284 imperatorem:
1544 1250 1622 1273 nam
1644 1239 1722 1285 post

97 1296 247 1321 mortem
265 1288 411 1322 Henrici
429 1291 489 1323 VI.
519 1288 759 1333 imperatoris,
791 1289 851 1331 qui
869 1284 959 1321 filius
986 1284 1054 1321 fuit
1080 1285 1254 1321 Frederici
1279 1287 1494 1329 Aenobardi,
1532 1289 1719 1333 imperium

97 1334 139 1369 de
154 1336 233 1382 jure
248 1336 441 1381 pertinebat
459 1336 502 1370 ad
517 1337 740 1371 Fredericum
769 1334 955 1371 secundum
980 1334 1137 1370 Henr'ici*
1151 1334 1242 1369 sexti*
1255 1335 1365 1371 filium
1392 1337 1503 1371 adhue
1531 1335 1698 1373 infantem
1710 1365 1718 1378 ‚

96 1383 150 1418 vel
170 1383 192 1418 fi
213 1397 282 1419 non
301 1385 476 1420 videretur
497 1385 524 1418 is
541 1385 692 1431 imperio
710 1384 877 1425 idoneus,
906 1382 1089 1429 Philippus
1102 1382 1169 1418 dux
1187 1386 1329 1419 Sueviae
1339 1385 1512 1420 Frederici
1524 1387 1720 1423 Aenobarbi

97 1432 189 1468 filius
207 1435 352 1469 Henrici
369 1433 452 1469 sexti
470 1430 591 1475 frater,
619 1434 675 1469 cui
693 1431 940 1469 administratio
959 1433 1056 1479 regni
1073 1431 1113 1468 ab
1134 1435 1292 1469 Henrico
1307 1436 1475 1470 moriente
1493 1433 1607 1471 fuerat
1627 1449 1720 1473 com-

50 1480 53 1490 '
97 1483 276 1525 mendam,
304 1494 342 1520 ut
359 1481 450 1518 testis
468 1481 514 1517 est
530 1482 701 1523 Blondus,
729 1482 1001 1528 erateligend‘us,
1028 1481 1083 1518 vel
1101 1479 1124 1517 fi
1141 1482 1239 1519 aliter
1250 1482 1333 1520 >fieri
1354 1496 1424 1520 non
1453 1484 1581 1532 posset,
1609 1487 1722 1534 impe.

96 1543 192 1568 rator
209 1533 386 1579 eligendus
403 1544 439 1566 ea
458 1530 549 1577 lege,
578 1542 616 1566 ut
632 1543 672 1566 eo
692 1541 833 1566 mortuo
849 1532 1038 1577 imperium
1055 1530 1097 1566 ad
1110 1529 1238 1568 'fratris'
1251 1530 1361 1570 filium
1381 1534 1518 1570 rediret.
1571 1537 1648 1584 Juri
1666 1548 1722 1572 ae·

97 1581 238 1618 cedebat
257 1579 377 1617 chalo
395 1581 612 1628 principum,
641 1591 719 1615 nam
739 1581 874 1615 vivente
890 1580 1001 1615 adhuc
1016 1581 1245 1626 imperatore,
1271 1582 1424 1619 Henrico
1446 1585 1507 1619 VI.
1529 1596 1630 1632 eoque
1637 1598 1721 1633 pro-

98 1640 259 1669 curante,
284 1642 324 1667 ut
343 1632 389 1666 ait
405 1630 506 1666 abbas
525 1628 767 1676 Uspergenfis,
790 1631 964 1676 principes
986 1629 1196 1665 Atlemaniae
1217 1641 1301 1677 pene
1326 1642 1433 1668 omnes
1451 1631 1565 1674 filium
1586 1646 1721 1680 parvu-

97 1683 164 1717 lum
185 1681 283 1728 iplius
301 1681 520 1717 Fredericum
538 1682 584 1715 Π.
603 1679 717 1714 adhuc·
727 1681 766 1714 in
785 1681 876 1714 cunis
893 1680 1089 1726 vagientem
1111 1679 1357 1726 qffumpserunt
1383 1684 1419 1717 in
1444 1693 1557 1731 regem
1570 1708 1578 1723 ,
1625 1685 1721 1732 eique

97 1730 297 1772 fidelitatem
308 1733 540 1778 juraverunt,
593 1738 627 1765 et
642 1730 778 1765 litteras
796 1727 839 1764 de
855 1728 911 1763 hoc
925 1727 1030 1774 ‘fufio
1050 1728 1261 1778 cumfigillis
1272 1731 1348 1774 suis
1374 1732 1580 1778 imperatori
1605 1735 1721 1778 trans.

99 1782 273 1825 miserunt.
324 1779 403 1816 Post
420 1790 569 1815 mortem
587 1790 670 1814 vero
690 1778 838 1814 Hem-ici
854 1776 971 1823 plures
987 1776 1190 1823 Philippum
1206 1776 1383 1825 elegerunt
1396 1804 1404 1820 ‚
1441 1782 1526 1816 Otto
1544 1793 1626 1817 vero
1650 1782 1720 1817 dux

101 1831 266 1865 saxoniae
282 1841 301 1864 a
318 1829 542 1877 paucioribus
564 1827 610 1863 est
629 1826 771 1868 elestus,
799 1838 876 1862 nam
897 1827 933 1861 in
959 1824 1053 1872 epist.
1075 1824 1255 1862 eleffionis
1280 1828 1403 1876 hujus,
1441 1841 1526 1875 quae
1555 1830 1600 1866 est
1626 1831 1720 1877 apud

98 1880 287 1916 Batonium
309 1879 351 1914 ad
376 1891 504 1914 annum
534 1882 616 1924 996.
641 1878 731 1913 unus
762 1889 800 1912 ex
824 1873 1028 1912 electoribus
1054 1874 1247 1924 subseripiit
1273 1877 1455 1925 Adelphus
1482 1878 1719 1922 Col-onienfis.

99 1930 162 1974 qui
179 1927 295 1975 postea
314 1929 356 1964 ad
372 1928 575 1976 Philippum
594 1927 723 1964 transsit
746 1938 779 1962 et
795 1938 873 1962 cum
901 1937 942 1961 eo
968 1925 1038 1961 duo
1055 1936 1188 1962 tantum
1216 1926 1367 1975 episcopi
1392 1927 1656 1965 Paderboneniis
1687 1939 1721 1965 et

98 1976 310 2016 Mindenfis,
336 1990 427 2014 unus
440 1978 515 2014 -dux
533 1978 704 2013 Henricus
720 1976 963 2022 Lotharingiae
987 1984 1023 2011 et
1036 1973 1247 2018 Rabannae,
1281 1988 1395 2013 comes
1422 1990 1512 2016 unus
1541 1979 1719 2015 Henricus

100 2027 143 2064 de
152 2027 269 2068 Kuloe,
297 2037 330 2062 at
345 2028 381 2062 in
400 2020 600 2063 elefflbnem
616 2027 770 2073 Philippi
786 2024 1027 2061 consenserunt
1042 2024 1290 2072 archiepiscopi
1300 2039 1386 2065 tres,
1414 2029 1565 2075 episcopi
1582 2041 1719 2068 novem.

97 2072 232 2113 abbates
243 2088 411 2123 quatuor,
437 2090 495 2112 rex
503 2089 601 2118 unus,
615 2077 716 2112 duces
727 2087 885 2121 quatuor,
897 2074 1056 2110 Marehio
1074 2087 1163 2110 unus
1180 2076 1441 2111 cumtnobilibus
1459 2077 1717 2119 Allemanniae,

102 2127 165 2172 qui
182 2127 302 2162 litteris
320 2125 518 2162 consensum
527 2126 769 2173 praebuerunt.
797 2124 956 2170 Philippo
965 2122 1097 2159 favebat
1107 2127 1324 2171 cognominis
1334 2128 1497 2162 Franciae
1508 2141 1579 2167 reX,
1595 2129 1719 2162 Ottoni

102 2178 322 2212 Innocentius
333 2176 470 2219 tertiuS,
483 2177 590 2221 quiin
601 2188 672 2222 cap.
692 2174 918 2211 venerabilem
928 2174 1027 2220 huJus
1038 2173 1225 2210 eleaionem
1235 2174 1500 2218 confirmaverat.
1513 2176 1654 2222 Philipp
1662 2189 1720 2213 um

103 2225 298 2270 quem-olim
306 2226 637 2262 excommunicatum
648 2224 791 2264 dicebat,
817 2224 864 2259 ita
874 2221 1011 2257 exosum
1021 2222 1158 2263 habens,
1184 2234 1223 2258 ut
1234 2222 1314 2258 teste
1328 2223 1534 2271 Uspergensi
1549 2226 1673 2260 dixerit
1685 2225 1720 2261 se

103 2269 298 2313 ablaturum
312 2276 474 2324 Philippo
493 2274 666 2315 diadema.
691 2285 749 2311 aut
764 2273 825 2310 fibi
841 2283 950 2357 papa}
968 2270 1098 2328 infigne
1116 2271 1370 2313 detracturum,
1396 2274 1717 2358 ηϋιίΙοηιιίῃιιι-Ρὴὶ-

965 2333 979 2357 ι
995 2332 1009 2356 ι
1036 2333 1055 2354 2
1558 2336 1660 2372 ippus
