1982 2739
1047 536 1143 582 DE

444 654 1008 734 'ANTIQVA
1053 653 1699 729 ECCLESIAE
1758 657 1762 660 ’

285 807 376 904 D
477 802 517 897 Ι
611 801 664 893 S.
766 797 850 894 C
955 796 996 888 Ι
1100 798 1170 890 Ρ
1275 796 1357 889 L
1464 796 1504 888 I
1607 797 1692 891 N
1799 797 1897 892 A

551 963 1128 1020 DISSERTATIONES
1164 963 1586 1016 HISTORICAE.
1929 984 1941 989 ·

761 1221 1265 1267 DISSERTATIO
1326 1220 1415 1267 VI.

464 1322 521 1359 De
560 1319 688 1358 concilii
729 1319 899 1367 generatim
932 1316 1044 1365 supra
1077 1316 1268 1353 Romanum
1298 1316 1491 1365 pontificem
1527 1317 1722 1354 autoritate.

874 1425 1308 1467 PRAELOQvlvM.

288 1522 513 1661 Quam
534 1584 756 1632 adgredimur
774 1583 814 1618 de
837 1581 1093 1628 comparatione
1110 1579 1281 1627 potestatis
1301 1578 1496 1626 pontificiae
1513 1590 1590 1615 cum
1609 1581 1788 1617 autoritate
1813 1593 1896 1618 eon.

461 1635 529 1670 cilii
549 1634 713 1681 generalis
733 1632 981 1677 quaestionem,
1021 1629 1221 1675 quibusdam
1248 1631 1360 1676 prima
1386 1628 1500 1664 fronte
1520 1628 1726 1675 superfluam
1750 1642 1781 1666 et
1798 1631 1896 1667 odio-

286 1684 354 1720 sam
373 1685 479 1720 videri
498 1683 592 1731 poss'e
612 1696 680 1719 non
698 1682 862 1719 diffiteor.
914 1681 1015 1715 Eccui
1034 1681 1122 1714 enim
1144 1679 1256 1718 bono.
1286 1680 1416 1723 inquiet
1435 1678 1576 1723 aliquis,
1604 1679 1646 1713 de
1668 1680 1815 1716 duarum
1825 1693 1897 1716 ma.

288 1736 476 1775 ximarum,
506 1745 543 1769 ut
562 1746 661 1768 nemo
681 1732 831 1769 dubitat,
859 1729 1082 1776 potestatum,
1110 1729 1210 1774 supra
1235 1727 1266 1762 se
1291 1730 1436 1763 invicem
1461 1728 1652 1763 excellentia
1679 1740 1746 1765 tam
1773 1731 1896 1765 acriter

286 1782 482 1830 disceptare,
535 1782 628 1827 Quid
649 1795 738 1828 opus
758 1781 803 1816 est
821 1793 873 1814 eas
895 1778 1003 1813 secum
1028 1778 1174 1813 invicem
1201 1778 1430 1817 committere,
1457 1789 1488 1811 et
1513 1777 1554 1811 de
1581 1779 1734 1823 primatu
1753 1790 1895 1814 conten.

289 1833 407 1867 dentes
429 1833 605 1868 inducere:
635 1831 717 1876 quid
736 1830 912 1876 religionis
931 1827 1080 1867 interest,
1109 1838 1221 1862 utrum
1241 1839 1330 1872 papa
1347 1826 1385 1861 {it
1402 1825 1504 1873 supra
1522 1826 1572 1861 vel
1584 1824 1674 1861 infra
1693 1827 1896 1870 concilium3

285 1880 342 1917 sed
360 1883 419 1926 qui
445 1884 489 1916 ita
507 1882 768 1920 ratiocinantur,
796 1875 1002 1924 quaestionis
1013 1876 1115 1923 hujus
1134 1874 1333 1911 consessaria
1345 1876 1484 1921 prorsus
1505 1877 1670 1921 ignorant.
1723 1879 1816 1912 Nam
1833 1877 1896 1922 qui

288 1931 329 1965 ad
353 1931 409 1966 illa
427 1932 477 1966 vel
496 1931 670 1965 modicum
689 1929 910 1967 attenderint,
939 1925 1326 1972 statimintelltgentnon
1337 1925 1377 1959 de
1397 1924 1587 1970 quaestione
1599 1925 1711 1970 aliqua
1720 1926 1895 1974 metaphy-

288 1979 349 2014 {ica
368 1991 399 2013 et
419 1980 547 2014 ludicra
564 1980 618 2014 hic
634 1980 704 2025 agi,
732 1978 785 2013 sed
804 1990 873 2012 eam
895 1975 1158 2012 controversiam
1177 1977 1326 2014 moveri,
1356 1987 1372 2008 e
1390 1976 1484 2020 cujus
1501 1975 1783 2011 determinatione
1793 1975 1896 2010 eccles

291 2028 416 2064 fiastica
435 2027 614 2073 disciplina
629 2039 697 2062 tota
716 2027 881 2072 pendeat3
911 2037 986 2059 nam
1008 2025 1029 2059 fi
1049 2038 1138 2071 papa
1155 2023 1192 2059 sit
1209 2022 1309 2069 supra
1331 2024 1527 2064 concilium,
1556 2022 1714 2068 sequitur
1733 2037 1811 2060 eum
1831 2022 1893 2059 esse

292 2077 463 2113 summum
486 2077 636 2111 eccle-fiae
655 2076 869 2111 monarcham
891 2086 922 2108 et
938 2075 1135 2111 dominum,
1163 2072 1324 2108 ecclesiam
1345 2075 1528 2108 autoritate
1547 2072 1723 2119 suprema,
1750 2085 1819 2108 non
1836 2085 1896 2108 nu-

289 2139 357 2162 tem
376 2138 501 2161 canone
520 2127 615 2168 regit
643 2125 774 2160 nullum
793 2123 853 2158 esse
868 2123 1131 2159 aristocraticum
1150 2123 1185 2157 in
1206 2134 1242 2156 ea
1257 2122 1425 2167 regimem
1453 2122 1676 2158 conciliorum
1694 2122 1819 2157 nullam
1830 2121 1893 2157 effe

291 2175 530 2213 neceffitatem,
561 2175 686 2210 horum
706 2175 919 2208 autoritatem
941 2184 1078 2207 omnem
1096 2184 1162 2205 non
1184 2183 1218 2205 ea
1236 2173 1411 2205 communi
1438 2182 1470 2206 et
1489 2171 1655 2206 catholico
1679 2169 1892 2207 ecclefinrum

290 2224 450 2260 consensu
465 2250 472 2263 ,
500 2224 552 2258 sed
573 2224 612 2258 ab
634 2226 733 2258 unius
754 2236 856 2269 papae
875 2221 1034 2256 sententia
1053 2232 1083 2255 et
1100 2221 1270 2254 voluntate
1296 2222 1462 2265 pendere,
1489 2231 1742 2265 proptereaque
1766 2232 1894 2266 papam

293 2273 385 2322 posse
404 2287 442 2310 ex
461 2273 565 2310 animi
582 2272 632 2310 sui
652 2273 794 2314 arbitrio
810 2284 955 2308 canones
976 2270 1157 2318 abrogare,
1185 2269 1267 2317 alio?
1284 2269 1445 2314 condere,
1475 2268 1514 2305 ab
1532 2268 1673 2306 illorum
1690 2268 1894 2308 observarit„

1795 2329 1838 2353 ne

249 2108 263 2133 0
