1982 2739
346 226 413 250 πη
562 210 637 249 DE
664 206 938 253 ANTIQVA
963 204 1624 243 ECCLESIAEDISCIPLINA

292 302 445 339 ssarent:
471 302 562 348 apud
589 300 752 335 nuntium
787 296 913 337 summi
939 293 1114 342 pontificis
1143 293 1365 330 instrumento
1390 294 1549 341 publico,
1587 294 1745 331 adversus
1771 295 1900 332 litteras

295 354 449 393 Urbani,
479 364 509 387 et
528 364 582 392 ea,
609 362 696 394 quae
714 348 792 383 inde
808 347 952 392 sequuta
977 355 1091 385 erant,
1110 342 1283 390 protestati
1307 343 1394 387 sunt.
1447 345 1588 394 Integra
1601 350 1732 393 semper
1749 370 1757 384 ,
1787 347 1902 391 inqui-

291 416 374 444 eunt.
401 414 434 438 et
449 405 582 437 minime
598 400 803 445 interpolato
821 395 962 443 ecclefiae
977 397 1037 440 usu
1052 403 1289 442 permanente,
1318 404 1356 428 ut
1370 397 1555 442 graviores
1579 396 1800 441 episcoporum
1825 408 1901 430 cau-

287 456 349 499 sae
366 479 373 493 ,
402 465 484 500 quae
504 452 623 486 merito
645 452 736 484 inter
751 448 893 494 majores
907 445 1137 493 pofitaefimt,
1162 443 1290 490 nonmfi
1308 443 1348 478 ab
1369 444 1532 490 episcopis
1552 447 1810 490 provinciarum
1836 457 1901 491 pro

291 514 384 537 Amore
401 503 635 550 congregatis,
664 501 789 533 vocatis
810 500 929 535 etiam,
950 493 1052 539 sicubi
1067 505 1148 540 opus
1161 495 1296 540 fuerit,
1327 492 1371 527 ad
1389 505 1561 527 numerum
1586 496 1774 544 canopicum
1799 495 1903 528 adim-

293 551 454 600 plendum
472 548 692 585 vicinioribus
701 549 806 593 juxta
823 544 1024 590 Sardicenfis
1043 545 1266 577 oecumenicae
1285 541 1424 589 synodi,
1452 551 1552 591 atque
1570 544 1733 583 aliorum,
1754 546 1816 588 seu
1834 555 1904 578 con-

292 604 468 638 ciliorum,
488 603 549 645 seu
565 596 757 644 pontificum
785 607 921 630 canones
941 603 974 629 et
1002 593 1137 627 decreta
1170 593 1381 632 traHentur,
1406 595 1659 633 examinentur,
1682 593 1903 639 judicentur,

287 652 389 697 fulva
408 651 539 697 semper
556 648 602 683 ad
617 648 799 682 Romanam
809 643 921 690 sedem
939 642 1138 689 adpellandi
1150 644 1331 687 facultate.
1385 640 1597 688 Scripserunt
1614 642 1649 675 in
1668 642 1818 677 eamdem
1831 640 1903 676 sen-

293 701 434 736 tentiam
454 699 496 733 ad
513 697 754 734 Innocentium
772 697 829 731 X.,
858 703 1034 740 rogantes,
1061 702 1099 725 ut
1117 689 1247 726 inflisto
1268 691 1327 726 fibi
1346 690 1479 726 vulneri
1498 691 1686 726 remedium
1709 691 1904 730 adhiberet,

293 761 507 794 caveretque,
537 761 578 783 ne
594 746 679 792 quid
694 745 859 789 deinceps
879 742 985 777 [imile
1003 751 1200 776 tentaretur.
1254 741 1307 776 Ad
1326 753 1443 775 omnes
1467 753 1604 786 quoque
1622 741 1750 776 Galliae
1779 741 1904 777 antisti·

293 812 342 836 tes
360 798 562 847 encyclicam
580 794 742 831 miserunt
758 792 938 840 epistolam
957 818 964 832 ‚
993 803 1051 826 eos
1073 790 1113 825 de
1132 790 1232 825 rebus
1253 803 1270 825 a
1285 790 1318 825 se
1338 790 1442 826 modo
1469 790 1568 838 gestis
1595 792 1754 826 certiores
1781 789 1906 826 facien-

294 861 364 887 tes,
389 861 426 884 ac
445 848 584 894 insuper
608 846 803 884 hortantes,
834 855 874 877 ne
898 840 1066 888 ejusmodi
1089 838 1297 886 pontificum
1321 840 1452 882 brevia,
1481 840 1503 875 fi
1538 853 1621 885 quae
1646 842 1905 882 emitterentur,

292 899 493 945 reciperent.
546 899 642 931 Haec
658 895 774 929 omnia
791 902 1010 928 monumenta
1028 888 1177 924 studiose
1194 887 1387 933 recoile&a‚
1417 902 1448 927 et
1464 891 1676 938 elegantibus
1697 890 1905 928 observatio-

291 950 393 985 nibus
410 946 574 984 illustrata
588 968 598 983 ,
625 945 738 990 legere
755 944 800 979 est
815 940 909 989 apud
926 937 1141 976 Gerbafium.
1736 955 1742 961 -

447 1047 573 1082 Eadem
593 1041 777 1089 disciplina
795 1040 932 1076 videtur
950 1047 1109 1072 attentata
1128 1038 1164 1072 in
1180 1036 1330 1085 jansenii
1359 1036 1470 1078 causa,
1500 1048 1532 1074 et
1564 1038 1703 1083 quidem
1734 1038 1803 1080 bis,
1831 1041 1906 1086 pri-

292 1108 392 1133 mum
408 1121 416 1134 ‚
445 1108 553 1142 quum
579 1092 732 1141 episcopi
752 1090 935 1127 Gallicani,
965 1087 1060 1123 nullo
1077 1087 1146 1123 lato
1167 1088 1206 1122 de
1223 1088 1374 1132 quinque
1391 1087 1687 1134 propositionibus
1705 1089 1833 1136 judicio
1852 1114 1862 1131 ‚
1886 1102 1906 1126 a

291 1146 371 1183 sede
388 1145 571 1193 apostolica
588 1143 753 1191 judicium
773 1139 1028 1188 poposcerunt,
1056 1137 1135 1172 haec
1150 1136 1297 1183 praefati
1318 1140 1457 1184 majores
1476 1141 1586 1183 causas
1604 1138 1768 1183 adsedem
1785 1140 1907 1187 aposto-

292 1200 390 1232 licam
408 1199 564 1241 referre,
585 1195 739 1239 solemnis
755 1191 900 1228 ecclesiae
918 1201 983 1223 mos
1002 1187 1061 1233 est,
1091 1199 1184 1234 quem
1193 1187 1279 1229 fides
1306 1189 1404 1222 Petri
1421 1200 1588 1235 nunquam
1606 1187 1760 1230 deficiens
1783 1201 1907 1236 perpe-

293 1257 351 1281 ruo
371 1246 517 1279 retineri
531 1255 596 1289 pro
611 1245 692 1288 jure
701 1242 762 1285 suo
775 1240 939 1285 postulat,
968 1235 1174 1282 aeqmffimae
1199 1237 1278 1269 lzuic
1303 1237 1376 1283 legi
1392 1235 1615 1282 obsequentes,
1643 1237 1684 1271 de
1708 1238 1905 1285 grawffimo

293 1298 385 1330 eirca
400 1295 599 1340 religionem
620 1291 756 1337 negotio
764 1286 1041 1332 senft'itatisuae
1052 1282 1268 1328 scribendum
1285 1284 1345 1329 effe
1361 1286 1555 1328 censuimus.
1611 1287 1743 1320 Verum
1765 1287 1826 1332 ipn
1846 1300 1908 1321 an-

295 1343 415 1378 tistites
434 1340 564 1377 fabium
584 1339 649 1374 hoc
669 1337 767 1372 suum
790 1334 868 1382 post
887 1335 966 1369 haec
985 1345 1076 1368 anno
1101 1336 1208 1366 1660.
1230 1331 1386 1366 excusent
1406 1358 1413 1372 ,
1443 1345 1482 1367 eo
1511 1333 1604 1377 quod
1635 1346 1714 1369 tunc
1737 1337 1907 1381 temporis

295 1392 468 1441 synodus,
495 1401 552 1424 aut
577 1397 766 1424 conventus
787 1384 951 1432 generalis
978 1382 1059 1417 cleri
1084 1380 1250 1416 Gallicani
1276 1381 1394 1415 haberi
1419 1393 1488 1415 non
1521 1381 1699 1427 potuisset,
1726 1385 1905 1422 etidcirco

295 1440 420 1477 necesse
439 1439 550 1475 fuiffet
569 1438 609 1473 ad
638 1435 805 1484 ejusmodi
834 1434 1028 1469 remedium
1060 1443 1244 1466 recurrere.
1296 1428 1432 1464 Deinde
1448 1442 1528 1465 vero
1546 1431 1670 1467 iterum
1695 1445 1714 1467 a
1743 1437 1905 1470 Romanis

293 1501 450 1527 attentata
468 1488 514 1524 est
532 1488 665 1524 libertas
685 1485 923 1532 episcoporum
941 1496 975 1518 in
991 1481 1085 1517 causa
1105 1491 1251 1524 quatuor
1268 1477 1530 1525 episcoporum,
1559 1483 1619 1525 qui
1644 1482 1903 1528 accusabantur,

296 1553 335 1576 ut
354 1542 468 1575 minus
487 1537 708 1584 obsequentes
727 1534 959 1574 constitutioni
976 1529 1169 1567 Innocentii
1194 1531 1233 1564 X.
1260 1539 1292 1563 et
1319 1529 1503 1564 Alexandri
1530 1532 1608 1566 VII.
1637 1533 1724 1567 eirca
1753 1536 1906 1580 quinque

293 1589 544 1638 propositiones
563 1585 702 1623 emissas.
762 1589 868 1634 JI'unc
892 1584 982 1618 enirn
1001 1593 1057 1615 rex
1076 1577 1364 1613 christianiffimus
1383 1580 1482 1624 petiit
1501 1579 1692 1626 apontifice
1709 1582 1904 1624 Alexandro

293 1644 391 1681 VIL,
419 1652 455 1676 ut
472 1638 654 1674 duodecim
678 1634 855 1683 episcopos
874 1635 909 1668 in
928 1631 1039 1666 Gallia
1059 1629 1267 1669 nominaret,
1305 1629 1366 1673 qui
1384 1628 1423 1663 de
1442 1641 1591 1674 quatuor
1608 1630 1778 1678 episcopis
1795 1659 1804 1674 ,
1832 1646 1905 1670 om-

294 1692 332 1725 ni
348 1689 572 1737 adpellatione
591 1697 741 1724 remote,
767 1685 967 1732 judicarent.
1022 1677 1235 1725 Responsum
1259 1677 1303 1712 est
1329 1690 1346 1712 a
1364 1680 1542 1717 Romanis,
1577 1693 1722 1717 mentem
1746 1682 1906 1729 pontifici

294 1737 413 1780 fuisse,
442 1750 480 1774 ut
496 1749 605 1774 unum
624 1737 830 1772 nominaret,
850 1732 901 1768 vel
919 1743 956 1767 ut
978 1729 1235 1774 exsequutorern
1255 1739 1386 1763 tantum
1400 1729 1520 1777 judicii
1539 1732 1667 1766 Romae
1682 1731 1758 1773 lati,
1772 1734 1808 1768 in
1829 1746 1903 1779 grn-

295 1792 378 1826 tiam
397 1801 507 1825 tamen
525 1789 616 1834 regis
637 1783 900 1822 christianiffimi
920 1794 986 1817 tres
1003 1779 1043 1815 ab
1061 1791 1100 1815 co
1117 1778 1362 1819 nominandos,
1414 1778 1470 1814 sed
1503 1780 1560 1824 qui
1577 1791 1613 1815 ut
1634 1782 1722 1816 meri
1741 1781 1902 1828 exsequu-

295 1852 385 1876 tores
407 1849 554 1885 agerent.
608 1839 709 1873 Hanc
727 1832 981 1881 responsionem
999 1829 1139 1875 indigne
1157 1827 1233 1864 tulit
1250 1840 1307 1863 rex
1326 1827 1631 1871 christianiffimus,
1661 1832 1715 1866 cui
1742 1831 1900 1880 deinceps

293 1885 454 1937 pontifex
472 1889 506 1923 in
524 1887 668 1934 speciem
686 1886 793 1921 voluit
812 1879 1003 1919 satisfacere
1022 1891 1147 1914 novem
1174 1876 1339 1925 episcopis
1365 1877 1544 1924 delegatis,
1570 1881 1630 1924 qui
1658 1880 1901 1919 denuntiarent

295 1951 444 1984 quatuor
465 1936 654 1984 episcopis,
684 1946 722 1971 ut
741 1932 832 1969 infra
850 1933 937 1968 duos
957 1928 1085 1966 menses
1103 1927 1286 1964 formulam
1314 1929 1349 1962 in
1369 1927 1566 1976 Jansenium
1583 1928 1652 1964 {ine
1677 1930 1794 1966 addito
1821 1926 1899 1974 sub}-

294 1988 504 2024 scribendam
522 1996 779 2033 proponerent,
806 1995 863 2018 aut
887 1982 1026 2021 scirent,
1065 1978 1096 2014 se
1114 1976 1321 2013 ecclesiarum
1347 1976 1484 2013 suarum
1515 1977 1664 2024 ingressu
1690 1976 1901 2017 interdicena

295 2038 376 2076 dos,
403 2050 431 2070 et
451 2034 633 2082 episcopali
648 2035 831 2069 autoritate
855 2030 1051 2078 privandos.
1106 2028 1173 2064 His
1189 2026 1328 2073 insuper
1344 2027 1483 2068 addidit,
1499 2028 1627 2064 nullam
1642 2029 1801 2066 adversus
1820 2030 1899 2067 istos

294 2086 536 2125 recusationem
555 2085 681 2119 licitam
701 2081 792 2123 fore,
819 2080 1041 2128 permisitque
1061 2080 1109 2117 ei,
1148 2079 1207 2123 qui
1222 2078 1308 2112 inter
1328 2075 1573 2113 commissarios
1597 2076 1771 2127 antiquior
1796 2079 1898 2123 effer,

295 2149 334 2174 ut
351 2139 386 2171 in
408 2147 527 2171 eorum
546 2134 678 2173 locum,
707 2133 765 2177 qui
783 2132 912 2168 nollent
930 2129 1017 2165 istud
1036 2128 1197 2176 judicium
1216 2125 1487 2174 suscipere‚alios
1505 2126 1713 2174 subrogaret.
1764 2129 1898 2166 Adver-

294 2186 351 2222 sus
369 2185 456 2221 istud
471 2184 672 2224 concilium,
700 2194 768 2227 quo
786 2193 853 2217 tam
873 2178 1047 2216 manifeste
1061 2175 1304 2225 episcoporum
1320 2177 1393 2224 jura
1413 2188 1444 2211 et
1462 2176 1595 2213 libertas
1621 2176 1767 2214 ecclesiae
1794 2179 1898 2216 viola-

294 2237 419 2282 bantur
436 2261 444 2278 2
473 2246 545 2271 non
558 2233 664 2271 modo
681 2231 908 2269 reclamarunt
925 2241 1073 2278 quatuor
1089 2226 1259 2275 episcopi,
1287 2227 1347 2273 qui
1370 2225 1570 2275 encyclicam
1590 2240 1626 2264 ea
1644 2227 1686 2265 de
1711 2239 1748 2266 re
1773 2227 1896 2278 epistoss

1783 2317 1888 2370 lm„
