2022 2733
279 204 785 247 MSSERTATIONES
822 210 1168 252 HISTOMCAE.
1220 215 1381 253 nassau.
1409 216 1454 255 11.
1562 220 1635 265 '153‘

225 295 347 331 Adfert
366 295 491 331 deinde
506 298 626 343 Lupus
646 296 807 343 quosdam
827 311 980 339 ‘canones
1005 300 1152 337 ecclesiae
1175 299 1371 347 Africanae,
1408 306 1467 342 ubi
1491 304 1680 343 transmaria

76 353 136 379 nae
156 344 305 380 ecclesiae
324 346 463 380 nomine
479 346 615 381 videtur
632 347 774 393 intelligi
792 352 951 384 Romana.
1005 351 1198 387 Verum-ibi·
1208 355 1323 399 primo
1341 358 1570 402 transmarina
1587 358 1682 392 cccle-

65 394 135 441 βα,
161 394 197 429 in
215 394 371 440 singulari
388 396 555 442 ponitur,
581 408 650 430 non
669 398 703 431 in
721 397 848 442 plurali
870 398 1012 446 ecclesiae
1038 403 1296 447 transmarinae.
1347 405 1477 440 Deinde
1499 405 1590 439 haud
1619 405 1682 440 du-

75 443 180 485 bium,
202 445 283 488 quin
305 444 373 480 istis
390 447 425 479 in
435 445 623 480 canonibus
639 449 865 490 transmarina
878 448 1000 485 ecclelia
1017 452 1206 495 consulatur
1222 453 1268 487 ad
1283 456 1514 499 transmarina
1531 467 1596 489 non
1606 467 1685 501 pro·

74 502 230 531 vocetur,
280 506 344 540 per
375 493 611 529 transmarinas
628 494 775 528 ecelesias
803 495 1036 541 intelligantur
1057 497 1205 533 ecclesiae
1223 512 1341 535 omnes
1362 513 1452 537 trans
1474 515 1567 537 mare
1585 503 1681 545 sitae,

75 553 220 586 quarum
241 542 420 578 sententiae
436 544 620 589 praecipue
635 544 668 577 in
686 544 833 588 negotiis
850 545 1065 588 gravioribus
1082 546 1343 584 consulebantur
1369 550 1409 584 ab
1428 550 1551 587 Afris:
1587 564 1618 587 et
1643 552 1683 587 fi-

73 591 203 626 militer
220 604 283 637 per
300 591 517 627 transmarina
535 592 657 639 judicia
675 592 790 626 omnia
808 592 949 627 omnino
962 591 1090 639 judicia
1108 605 1199 636 extra
1213 595 1387 633 Africam.
1441 602 1520 634 Hoc
1545 602 1684 635 evidens,

73 651 124 675 ter
144 653 237 686 patet
256 654 295 676 eo
312 640 383 687 ipso
407 653 552 680 canone,
574 653 675 684 quem
700 643 819 687 Lupus
839 641 879 675 ad
905 640 1048 678 istorum
1074 644 1333 690 explicationem
1358 646 1503 682 adducit.
1529 651 1685 686 Litterae

73 692 259 726 mittantur
276 690 321 725 ad
333 693 473 737 fratres
490 698 524 724 et
543 691 743 737 coeptscopos
759 690 883 734 nostros
899 700 932 726 et
952 695 1092 728 maxime
1116 693 1164 728 ad
1180 693 1291 737 sedem
1317 696 1536 742 apostolicam.
1588 700 1685 734 Licet.

75 750 160 784 ergo
176 742 331 775 Romana
353 738 486 774 ecclesia
504 738 543 773 fit
556 740 670 785 prima
685 740 775 774 inter
790 738 1047 784 transmarinas,
1072 753 1143 778 non
1161 740 1232 779 sola
1247 754 1359 781 tamen
1383 744 1430 781 est
1447 747 1684 791 transmarina.

73 798 106 824 et
126 787 162 823 id
181 789 291 824 dicere
308 787 453 823 insanire
480 786 534 825 est.

223 838 291 875 Sed
309 838 485 873 nonnullis
502 836 638 874 fortasse
659 838 831 874 videbitur
847 840 1004 885 argutius
1023 841 1071 882 id,
1087 842 1180 888 quod
1198 842 1288 878 idem
1307 845 1428 891 Lupus
1445 845 1480 880 in
1498 845 1565 882 fine
1581 848 1685 896 hujus

72 887 192 934 capitis
209 888 345 933 reponit
355 887 395 922 ad
414 888 495 922 haec
512 887 692 933 Augustini
709 888 831 923 verba.-
881 890 963 924 Ecce
976 899 1131 937 putemus
1148 894 1220 928 illos
1233 895 1410 940 epm-opos,
1429 898 1488 943 qui
1497 898 1622 935 Romae
1623 901 1683 948 jud

73 938 310 973 dicaruntnon
321 938 432 983 fuiffe
447 937 544 972 bonos
555 937 708 983 judices.
735 937 876 984 restabat
891 938 999 974 adhuc
1013 942 1206 987 plenarium
1229 942 1373 988 ecclesiae
1396 947 1588 987 concilium,
1623 948 1684 983 ubi

74 989 177 1021 etiam
194 998 264 1021 cum
281 985 356 1032 ipsis
366 986 541 1032 judicibus
558 988 653 1030 causa
667 986 771 1031 poffi’t
788 990 940 1034 agitari,
966 988 1057 1022 unde
1077 989 1250 1024 concludit
1274 1003 1466 1038 anonymus
1479 1018 1487 1033 ,
1512 994 1683 1040 Augusti.

73 1046 158 1070 num
176 1046 246 1069 non
261 1033 454 1068 existimasse
472 1034 641 1069 Miltiadis
659 1033 764 1068 solius
781 1033 979 1069 sententiam
998 1035 1190 1081 supremam
1208 1035 1319 1075 fuisse.
1347 1040 1440 1084 Quid
1459 1041 1500 1075 ad
1524 1044 1603 1078 haec
1612 1047 1683 1078 Lu.

72 1085 165 1130 pus?
215 1081 433 1129 Respondeo,
475 1082 606 1127 inquit,
640 1093 852 1129 anonymum
879 1082 919 1116 ab
952 1082 1031 1129 ipsis
1056 1084 1234 1129 Augustini
1261 1085 1372 1120 verbis
1399 1089 1534 1134 penitus
1560 1093 1680 1129 everti.

74 1134 211 1168 Etenim
227 1131 340 1178 ajunt,
367 1144 437 1167 cum
455 1130 723 1178 ipfisjudicibus.
774 1131 940 1168 Promde,
968 1133 1097 1176 inquit,
1125 1134 1304 1179 rstiulmodi
1315 1142 1514 1181 provocatio
1538 1140 1683 1186 pmttfi-

74 1190 140 1217 cem
159 1193 224 1216 non
242 1181 392 1215 demutat
409 1183 446 1214 in
463 1192 569 1219 reum,
597 1188 658 1213 aut
676 1181 912 1222 accusatorem,
932 1181 994 1224 sed
1005 1182 1342 1227 permittitjudicem
1360 1195 1393 1219 et
1408 1197 1473 1221 non
1489 1190 1586 1223 talem
1603 1202 1682 1237 qua·

73 1232 154 1270 lem,
174 1228 238 1274 Jed
248 1230 436 1274 supremum
451 1240 488 1261 ac
503 1229 636 1272 plenum
649 1228 773 1271 futuri
798 1228 929 1259 concilii
953 1229 1146 1272 praesidem.

220 1275 431 1322 Respondeo,
453 1275 507 1309 hic
526 1273 631 1308 multa
646 1271 729 1307 falso
747 1272 885 1313 adduci,
910 1275 1029 1319 primo
1055 1274 1176 1309 falsum
1202 1274 1247 1310 est
1270 1277 1350 1314 haec
1375 1280 1477 1314 verba
1501 1292 1575 1315 cum
1602 1281 1676 1327 ipfic

74 1325 258 1375 judicibus,
285 1325 377 1360 idem
395 1322 459 1359 esse
475 1335 512 1358 ae
528 1321 698 1370 judicibus
725 1322 759 1356 in
779 1321 906 1368 judicio
931 1322 1076 1358 secundo
1099 1323 1290 1361 sedentibus
1320 1329 1451 1374 quippe
1477 1341 1578 1374 agere
1603 1339 1673 1365 cun

73 1375 258 1426 judicibus,
285 1374 342 1409 hic
365 1372 411 1409 est
426 1372 584 1408 adversus
603 1370 697 1418 ipsos
719 1370 860 1419 judices,
914 1373 1018 1408 Unde
1034 1372 1128 1407 addit
1144 1374 1364 1420 Augustinus,
1384 1389 1421 1412 ut
1442 1376 1465 1411 fi
1484 1378 1572 1413 male
1595 1377 1674 1425 junii-

74 1424 154 1462 casl'e
167 1421 313 1460 convisti
331 1423 449 1463 essent,
479 1434 598 1457 eorum
616 1421 797 1456 sententiae
814 1419 1036 1456 solverentur.
1061 1423 1217 1458 Secundo
1236 1423 1318 1466 datov
1333 1426 1428 1471 quod
1444 1426 1570 1472 judices
1587 1429 1680 1473 prio-

71 1487 126 1512 res
144 1473 257 1509 sedere
275 1469 459 1509 debuissent
473 1473 508 1507 in
526 1469 670 1505 secundo
688 1469 832 1516 judicio,
859 1472 936 1518 quis
953 1471 1033 1506 inde
1060 1471 1211 1517 probare
1236 1474 1346 1519 poffir.
1364 1487 1420 1510 eos
1444 1474 1594 1509 summos
1621 1473 1682 1509 effe

70 1523 220 1572 'judicem
248 1524 329 1567 quin
349 1523 466 1568 potius
483 1522 558 1565 quis
576 1518 655 1553 inde
671 1530 738 1551 non
759 1518 882 1565 probet
899 1519 1038 1555 illorum
1057 1520 1222 1565 iudicium
1236 1524 1272 1556 in
1289 1524 1410 1573 majori
1436 1523 1567 1570 synodo
1592 1521 1677 1569 posse

76 1573 288 1609 examinari?
317 1573 443 1606 Tertio
466 1582 507 1603 ne
523 1580 587 1614 per
607 1565 762 1602 umbram
786 1568 926 1611 quidem
951 1567 1114 1614 significat
1139 1570 1369 1616 Augustinus,
1406 1573 1599 1608 Miltiadem
1623 1570 1673 1608 ess

77 1620 227 1658 debuisse
242 1621 278 1655 in
295 1618 476 1666 posteriori
492 1617 617 1665 judicio
636 1614 834 1661 supremum
853 1628 889 1651 ac
904 1617 1044 1662 plenum
1061 1619 1197 1654 concilii
1215 1621 1372 1668 judicem.
1425 1624 1556 1664 Quarto
1572 1623 1661 1656 etiam

77 1670 102 1706 si
121 1671 158 1706 in
176 1682 216 1705 eo
232 1668 365 1716 praeses
382 1667 520 1703 futurus
540 1664 669 1705 fuisset,
694 1677 734 1699 an
753 1664 904 1709 sequitur
923 1678 1002 1701 eum
1020 1666 1130 1702 solum
1150 1668 1212 1702 esse
1235 1669 1400 1716 judicem,
1434 1670 1536 1705 solam
1569 1670 1657 1717 supr1

77 1730 169 1755 mam
184 1719 399 1754 autoritatem
424 1716 566 1753 habere,
593 1725 739 1749 caeteros
764 1714 804 1748 ab
831 1726 870 1748 eo
897 1715 998 1749 veluti
1025 1714 1190 1750 assessores
1214 1730 1248 1752 et
1271 1718 1479 1754 consiliarios
1506 1720 1653 1755 adhibet

77 1779 216 1806 omnem
234 1779 315 1802 vero
333 1767 368 1801 in
387 1779 428 1801 eo
441 1766 658 1801 autoritatem
677 1761 748 1799 effe.
802 1763 934 1806 Quinto
951 1762 1071 1798 falsum
1097 1763 1142 1798 est
1160 1765 1472 1811 Sylvestrumfuiffe
1494 1769 1653 1810 invitatur.

76 1828 115 1853 ut
131 1815 332 1863 praesideret
348 1815 496 1851 concilio
513 1811 697 1850 Arelatensi
709 1838 718 1854 ‚
745 1824 805 1847 nec
822 1812 912 1847 enim
931 1813 960 1846 ei
977 1812 1174 1858 perlegatos
1188 1814 1354 1860 praefuit,
1379 1815 1437 1852 sed
1445 1818 1612 1857 Marinus,
1625 1831 1654 1864 qi

77 1867 178 1902 initio
196 1865 355 1912 epistolae
372 1864 511 1900 concilii
527 1863 666 1898 caeceris
684 1861 844 1896 omnibus
862 1861 1100 1908 praeponitur.
1613 1870 1615 1873 ’

66 1948 74 1952 .
226 1915 406 1950 Immerito
424 1925 505 1959 ergo
523 1909 731 1958 Christianus
742 1915 859 1958 Lupus
885 1912 917 1945 in
936 1923 1166 1958 anonymum,
1184 1924 1286 1957 quem
1312 1911 1480 1949 facultatis
1500 1915 1656 1957 Parisiens

79 1962 257 2002 doctorem
282 1962 344 1998 esse
362 1975 432 1998 non
452 1960 632 2001 nesciebat,
660 1973 828 2008 quemque
844 1960 895 1995 vel
912 1961 979 1995 hoe
997 1959 1069 1994 solo
1094 1962 1235 1997 nomine
1257 1963 1405 1998 revereri
1428 1963 1606 2002 debuisset,
1632 1979 1655 2002 ti

76 2025 216 2059 tamque
230 2014 358 2048 atrocia
374 2009 551 2048 malediEla
569 2010 746 2055 congerit3
773 2022 832 2044 nec
847 2006 941 2044 ferre
958 2011 1034 2054 quis
1051 2011 1167 2045 animo
1184 2023 1289 2058 aequo
1306 2011 1414 2057 potest
1440 2013 1483 2046 de
1511 2013 1570 2048 illo
1596 2015 1657 2053 hic:

78 2061 271 2099 Christiano
288 2066 389 2108 Lupo
411 2061 488 2101 dici,
505 2072 590 2105 quae
608 2060 648 2094 de
664 2059 827 2095 traditore
849 2058 936 2106 Juda
960 2057 1113 2093 Christus
1132 2059 1213 2094 olim
1232 2060 1317 2094 dixit
1334 2073 1342 2093 z
1376 2060 1491 2097 bonum
1514 2072 1588 2098 erat
1605 2068 1647 2105 ei,
1656 2091 1668 2112 J

68 2121 178 2148 natus
195 2125 262 2148 non
274 2112 403 2159 fuiffet
420 2110 511 2145 homo
529 2110 598 2144 ille.
651 2108 753 2151 Quasi
772 2120 855 2144 vero
873 2108 965 2143 idem
983 2106 1022 2142 fit
1039 2109 1166 2143 crimen
1185 2107 1270 2143 falso
1288 2108 1424 2154 allegata
1436 2114 1578 2146 Romani
1597 2126 1670 2159 pon

81 2159 179 2196 tificis
205 2161 278 2208 jura
298 2159 471 2200 refellere,
524 2170 561 2193 ac
587 2156 758 2193 Christum
783 2156 897 2204 ipsum
927 2156 1104 2192 dominum
1134 2157 1286 2192 nostrum
1313 2170 1378 2204 per
1401 2158 1572 2195 summum
1592 2160 1664 2200 nefa

82 2209 259 2250 tradidiss‘e,
310 2213 366 2250 An
392 2220 463 2247 non
487 2218 625 2259 oportet
648 2219 726 2251 eos,
746 2209 807 2255 qui
832 2207 910 2242 talia
931 2206 1045 2243 dicunt
1066 2205 1100 2243 ἃ
1124 2205 1271 2244 sentiunt
1287 2207 1429 2245 immani
1443 2211 1612 2258 vertigine
1637 2211 1665 2250 1.

83 2255 230 2304 boi-are?

221 2302 228 2306 ”
881 2307 919 2343 U
1529 2309 1636 2357 capi.
