2012 2718
334 170 841 210 nissrn’rmiouas
873 170 1244 214 msronrcAE.
1271 175 1500 216 nmmu-
1604 182 1678 226 ιο,

110 258 167 296 sed
186 259 221 296 in
238 259 391 307 partibus
408 261 646 303 committatur
666 261 832 308 episcopis
858 261 981 300 scilicet
1005 266 1143 307 vicinis,
1170 265 1232 301 nisi
1248 266 1319 303 illic
1344 267 1387 303 de
1412 267 1535 315 justitia
1565 269 1724 305 obtinem-

109 310 150 345 da
177 310 377 356 desperetur
391 335 402 348 ‚
454 311 554 346 etiam
582 312 617 345 in
647 312 848 356 regionibus
875 313 996 349 vicinis
1012 339 1022 353 ‚
1066 327 1107 351 set
1139 329 1180 351 ne
1211 316 1314 364 hujus
1349 319 1556 364 exceptionis
1599 320 1722 355 obten-

104 370 143 395 tu
165 362 394 395 retinerentur
411 363 537 395 Romae
556 359 669 396 causae
686 361 892 407 permultae:
921 364 1014 399 addit
1032 364 1192 412 synodus,
1205 367 1240 401 id
1267 379 1336 403 non
1363 380 1401 403 ex
1423 368 1495 405 solo
1519 369 1723 416 juramenta

104 408 161 444 sed
179 409 319 455 publico
337 421 369 445 et
384 410 579 445 authentico
606 410 810 446 documento
828 412 970 457 probari
988 415 1120 453 debere.

152 462 260 495 Porro
275 462 310 495 in
322 460 379 495 ista
395 460 473 506 lege
491 458 530 495 fit
548 460 787 495 tantummodo
809 463 938 497 mentio
949 465 1126 500 minorum
1136 464 1323 506 causarum,
1336 476 1367 501 et
1378 466 1418 502 de
1427 467 1615 514 majoribus
1634 467 1722 504 nihii

103 507 252 555 expresse
271 509 428 551 sancitur,
441 510 536 554 quod
553 509 675 545 lubens
691 508 839 556 agnosco
867 524 944 547 cum
969 513 1195 549 eruditiffimo
1213 513 1379 550 facultatis
1396 516 1585 561 parifienfis
1604 517 1722 553 [losto-

105 571 153 594 τε.
223 561 340 606 Cogor
368 560 423 594 hic
441 571 552 594 tamen
568 558 749 605 paululum
769 559 811 594 ab
828 560 900 606 ejus
924 562 1132 608 expositione
1156 561 1344 606 diffentire3
1382 566 1462 600 haec
1486 568 1575 601 enim
1600 567 1721 608 verba,

103 612 254 656 exceptis
276 609 385 657 cauffis
402 608 586 655 majoribus
602 612 640 644 in
649 611 896 657 jureeexprcffi
910 611 1152 654 denominatis,
1181 611 1224 647 sic
1244 613 1300 648 ille
1319 615 1582 661 interpretatur,
1612 628 1650 651 ut
1669 630 1720 650 ve·

103 657 144 693 lit
161 659 201 692 iis
223 671 355 694 tantum
373 656 555 704 significari
574 658 723 703 majores
743 661 874 700 causas,
905 660 1029 705 quibus
1042 662 1171 709 ,procul
1190 662 1296 698 dubio
1323 663 1568 710 episcoporum
1586 664 1719 711 deposi-

103 708 211 743 tiones
221 707 578 755 comprehenduntur,
590 707 651 743 effe
668 709 862 744 referendas
878 710 1147 757 adapostolicam
1158 711 1268 748 sedem
1284 714 1362 760 post
1375 715 1719 760 primumJudicium3

105 770 171 804 ego
184 771 268 794 vero
286 757 444 799 arbitror,
471 770 620 793 mentem
630 758 866 795 Bafileenfium
885 773 1024 807 patrum
1036 760 1135 797 fmffe
1147 788 1155 803 ,
1184 773 1221 798 ut
1237 763 1313 798 illae
1332 763 1441 800 statim
1467 765 1509 799 ad
1526 767 1719 801 Romanum

96 807 299 855 >episcopum
315 807 550 849 reserrentur,
580 809 641 853 qui
660 809 790 857 judices
815 810 849 844 in
879 813 1058 856 provincia
1086 813 1181 847 daret
1205 817 1246 848 ad
1271 826 1324 848 eas
1347 815 1554 862 judicandas.
1608 816 1662 851 Ad
1682 816 1717 851 id

101 858 340 905 probandum,
367 870 449 893 utor
465 857 542 905 ipso
561 858 654 893 illius
675 861 805 894 autoris
822 861 1002 897 ratiocinio
1022 875 1029 896 ε
1058 865 1213 908 Clausula
1236 863 1314 910 zsta,
1344 866 1491 910 exceptis
1508 865 1633 907 caufis,
1656 875 1717 900 etc.

96 911 251 944 ¹continet
267 911 490 955 exceptionem
500 910 676 957 generalis
696 912 766 956 ejus
784 912 885 959 legis,
914 925 998 959 quae
1013 913 1146 948 decreto
1166 913 1363 958 stabilitur,
1391 917 1443 949 vel
1471 916 1560 950 nihil
1585 918 1716 950 omnino

100 959 247 1003 claufida
260 956 448 1004 fignificat,
474 959 531 992 vel
546 968 636 993 certe
655 959 693 993 id
710 961 816 1005 ipsum
840 961 880 996 de
897 963 994 1008 causts
1011 962 1197 1008 majoribus
1212 973 1332 1010 negat,
1363 964 1451 1011 quod
1467 966 1544 999 aliis
1562 964 1602 999 de
1619 965 1716 1011 caustr

97 1008 255 1054 generali
279 1008 358 1054 lege
376 1007 563 1050 adseritur,
591 1007 678 1053 quid
700 1020 780 1042 vero
804 1009 858 1043 lex
879 1012 1057 1056 generalis
1084 1011 1229 1055 adserit,
1257 1013 1343 1058 quid
1356 1013 1482 1059 statuit
1509 1015 1647 1062 reliquis
1674 1014 1716 1048 de

98 1055 217 1102 causis,
240 1057 369 1100 scilicet
386 1080 395 1094 ,
420 1055 509 1102 quod
526 1067 630 1089 omnes
647 1065 681 1090 et
689 1055 846 1103 fingulae
869 1059 984 1102 causae
1001 1058 1095 1105 apud
1109 1060 1182 1094 illos
1193 1061 1327 1105 judices
1346 1064 1382 1096 in
1393 1061 1570 1107 partibus,
1599 1065 1658 1110 qui
1673 1062 1715 1097 de

90 1106 194 1152 jure,
219 1113 280 1140 aut
298 1104 530 1149 consuetudine
544 1105 784 1151 praefiripta,
805 1108 998 1154 privilegio
1017 1109 1152 1144 illarum
1178 1112 1401 1158 cognitionem
1432 1110 1573 1152 habent,
1603 1115 1716 1147 termi-

98 1157 179 1190 nari
205 1164 238 1188 et
256 1153 359 1196 finiri
376 1153 529 1187 debeant.
585 1156 696 1187 Porro
713 1167 777 1198 per
805 1167 905 1188 voces
930 1154 1007 1190 istas
1034 1161 1218 1192 terminari
1241 1167 1274 1194 et
1297 1159 1420 1201 finiri,
1456 1173 1527 1194 non
1548 1160 1715 1206 intelligit

97 1202 303 1238 concilium,
330 1203 375 1235 ita
395 1200 504 1234 causas
522 1199 597 1233 istas
614 1199 677 1233 effe
695 1202 944 1241 terminandas,
974 1216 1011 1237 ut
1030 1205 1144 1238 nullus
1163 1205 1202 1238 fit
1222 1207 1459 1250 adpellationis
1489 1209 1605 1251 locus3
1633 1222 1714 1244 con-

99 1249 160 1286 stat
177 1251 268 1285 enim
288 1263 325 1284 ex
344 1249 562 1293 sequentibus
580 1248 763 1283 concilium
792 1251 976 1285 concedere
998 1251 1110 1286 locum
1141 1253 1427 1298 adpellationibus
1455 1257 1494 1290 ad
1524 1260 1714 1293 Romanam

97 1299 208 1336 sedem
225 1326 234 1341 ,
261 1301 298 1334 in
318 1299 388 1333 istis
406 1297 510 1334 caulis
529 1298 742 1339 minoribus,
771 1299 876 1333 modo
897 1298 952 1335 fiat
969 1300 1046 1347 post
1063 1301 1229 1348 judicium
1247 1302 1362 1338 latum.
1417 1303 1539 1340 Sensus
1556 1319 1637 1352 ergo
1657 1307 1713 1348 est,

100 1361 140 1386 ut
157 1362 262 1385 omnes
271 1359 304 1384 et
314 1350 468 1396 fingulae
486 1349 598 1394 causae
613 1351 756 1384 minores
774 1350 969 1393 judicentur
986 1354 1022 1386 in
1038 1350 1198 1398 partibus
1217 1352 1311 1399 apud
1328 1355 1402 1390 illos
1414 1354 1566 1401 judicer,
1594 1359 1652 1403 qui
1670 1357 1713 1392 de

91 1402 177 1446 jure
192 1424 204 1438 ,
229 1409 291 1434 aut
307 1398 546 1445 consuetudine>
552 1399 784 1445 praescripta,
812 1401 865 1434 vel
879 1403 1072 1450 privilegio
1099 1403 1238 1438 illarum
1267 1407 1490 1452 cognitionem
1509 1404 1647 1446 bahent,
1675 1408 1716 1442 it-

37 1446 43 1455 ’
97 1450 182 1495 laeso
194 1451 276 1496 jure
291 1449 538 1496 adpellationis‚
590 1450 708 1491 Itaque
727 1459 826 1493 negat
844 1449 987 1485 claulula
1007 1449 1120 1485 causas
1157 1452 1302 1499 majores
1329 1455 1375 1489 ita
1417 1454 1559 1501 judicari
1581 1455 1713 1496 debere,

97 1498 155 1534 sed
174 1510 306 1534 tantum
324 1512 342 1532 a
359 1497 530 1544 judicibus
549 1496 710 1541 delegatis
726 1499 761 1531 in
779 1498 936 1542 partibus
955 1513 973 1534 a
990 1499 1124 1536 summo
1144 1501 1321 1547 pontifice.
1372 1506 1453 1540 Duo
1481 1506 1612 1551 quippe
1631 1517 1712 1540 eon-

96 1550 182 1584 tinet
199 1548 390 1583 Bafileensis
407 1547 448 1581 de
467 1544 570 1581 caufis
590 1543 737 1587 sanffio3
766 1546 926 1588 alterum,
964 1562 1002 1584 ut
1032 1550 1167 1586 nullum
1194 1551 1357 1598 judicium
1371 1580 1379 1593 ,
1409 1553 1467 1588 nisi
1490 1556 1524 1587 in
1554 1554 1711 1600 partibus

95 1596 287 1640 trastetur3
312 1597 475 1632 alterum,
502 1608 543 1629 ne
561 1594 675 1630 causae
690 1598 843 1630 minores
858 1596 892 1630 in
909 1599 1040 1643 prima,
1066 1612 1105 1636 ut
1123 1601 1333 1646 loquuntur,
1370 1602 1525 1638 instantia
1554 1601 1710 1639 deferam

94 1658 152 1683 tur
166 1647 209 1682 ad
227 1650 420 1682 Romanum
440 1644 641 1691 pontificem
663 1658 669 1677 :
698 1657 732 1679 at
749 1645 913 1691 supponit
940 1649 1055 1684 eadem
1082 1649 1209 1687 sanstio
1236 1651 1347 1687 causas
1378 1653 1522 1700 majores
1555 1651 1645 1689 resta
1669 1655 1710 1690 ad

95 1700 288 1734 Romanum
304 1694 488 1730 antistitem
507 1692 654 1734 deferri,
689 1696 746 1739 qui
768 1695 896 1742 judices
922 1697 957 1730 in
985 1699 1143 1743 partibus
1171 1703 1334 1737 nominer.
1387 1700 1565 1749 Superest,
1595 1716 1632 1739 ut
1660 1707 1710 1738 in·

96 1746 375 1793 quii-amussquid
395 1743 568 1779 causarum
581 1744 748 1790 majorum
768 1747 801 1780 in
814 1745 887 1792 jure
898 1747 1126 1792 expressarum
1143 1750 1284 1786 nomine
1304 1752 1533 1787 intellexerint
1546 1753 1708 1790 Basileen-

78 1795 166 1838 -ses;
191 1794 248 1830 sed
266 1796 326 1830 hac
345 1796 385 1830 de
403 1807 437 1829 re
455 1794 510 1827 vix
526 1793 592 1829 ulla
609 1793 722 1839 potest
738 1795 800 1829 esse
819 1793 1015 1838 difficultas,
1044 1811 1191 1843 namque
1218 1812 1347 1837 certum
1368 1799 1431 1841 est,
1457 1803 1522 1837 hoc
1551 1815 1710 1850 tempore

77 1845 321 1893 >depolitiones
339 1843 595 1891 episcopiorum
609 1845 698 1879 inter
713 1844 824 1880 causas
846 1846 989 1892 majores
1010 1846 1070 1881 else
1089 1861 1296 1888 numeratas,
1315 1851 1395 1886 hinc
1416 1853 1450 1886 in
1468 1853 1612 1888 concilio
1633 1854 1706 1901 juu-

77 1907 246 1943 :guntun
273 1908 351 1930 cum
368 1892 470 1930 causis
488 1891 693 1929 elestionum
711 1894 953 1931 cathedralium
972 1909 1004 1932 et
1023 1897 1308 1934 monasteriorum
1320 1926 1327 1940 ,
1347 1914 1445 1948 quas,
1474 1903 1606 1947 inquit,
1637 1918 1708 1940 con,

93 1947 206 1981 cilium
224 1945 414 1980 immediata
425 1942 589 1988 suhjeffio
604 1944 767 1988 adsedem
785 1945 992 1992 apostolicam
1011 1947 1177 1983 devolvit.
1206 1948 1398 1995 Respondet
1424 1950 1549 1988 dostor
1573 1953 1630 1988 ille
1648 1957 1705 1989 Pa<

95 1994 346 2035 tisienfis,hanc
367 1991 549 2028 clausulam
568 2005 699 2030 tantum
718 1993 849 2031 afficere
869 1995 980 2032 causas
1001 1996 1206 2046 elesliouum
1228 2000 1468 2037 cathedralium
1488 2013 1518 2037 et
1540 2004 1705 2047 monaste-

54 2061 58 2067 ·
77 2047 249 2082 riorum,
278 2057 350 2090 non
367 2042 476 2078 causas
497 2044 643 2089 majores
662 2069 669 2084 ‚
700 2057 783 2090 quae
800 2045 876 2079 ideo
896 2056 1023 2082 tantuin
1045 2048 1281 2093 excipiuntur,
1308 2051 1402 2094 quod
1422 2064 1484 2097 per
1501 2052 1703 2098 adpellatio-

61 2121 63 2123 -
93 2107 189 2133 nem,
218 2093 270 2128 vel
287 2093 486 2128 relationem
504 2092 545 2127 ad
564 2091 674 2128 sedem
691 2093 908 2140 apostolicam
930 2096 1062 2132 devolvi
1090 2097 1224 2142 poffint.
1276 2102 1405 2136 Verum
1433 2102 1483 2142 titi
1512 2101 1705 2138 observavi-

95 2155 172 2180 mus
192 2144 316 2179 idcirco
334 2155 462 2178 tantum
485 2143 593 2189 excipi
611 2156 682 2177 non
702 2142 841 2190 possunt
859 2146 971 2180 causae
989 2147 1134 2194 majores
1161 2160 1177 2182 a
1196 2147 1310 2183 forma
1330 2149 1362 2184 in
1384 2151 1575 2187 minoribus
1602 2153 1705 2187 causis

97 2193 270 2232 observata
287 2219 297 2236 ,
324 2206 435 2240 quum
449 2190 540 2242 ipsae
556 2192 673 2230 causae
689 2196 841 2232 minores
863 2193 902 2231 ad
923 2195 1035 2232 sedem
1051 2195 1271 2245 apostolicam
1284 2198 1545 2239 devolverentur
1563 2215 1600 2236 ex
1618 2203 1706 2247 ejus-

954 2286 1034 2332 03
1505 2290 1508 2293 ’
1573 2291 1652 2330 Hem
