1982 2739
288 208 359 242 218
505 200 508 201 ⁷
534 197 606 234 DE
632 191 912 240 ANTIQUA‘
936 189 1216 227 ECCLESIAE
1243 189 1549 228 DISCPLINA

391 289 638 323 Verumtamen
661 283 742 319 haec
760 278 930 318 distinffio
941 279 1090 326 duplicis
1107 279 1464 316 excommunicationis
1489 280 1591 322 latae,
1627 291 1665 315 ac
1689 277 1847 316 ferendae

243 338 429 378 sententiae
447 337 527 371 licet
542 334 633 370 volim
650 334 779 379 ignota'
790 332 921 378 optime
937 329 1045 375 potest
1071 329 1226 371 defendi,
1255 327 1276 362 fi
1309 328 1486 376 dicamus„
1505 342 1544 365 ut
1568 331 1635 378 jam
1661 329 1850 365 observavi-

246 402 336 427 mus,
354 400 418 434 per
435 384 820 421 excommunicationem
844 380 931 415 latae
950 378 1131 427 sententiae
1150 379 1323 414 hominem
1341 390 1376 412 re
1393 377 1462 423 ipsa
1484 391 1553 414 non
1579 379 1851 414 excommunica-

244 441 295 480 ri,
324 437 378 473 sed
397 432 761 471 excommunicandum
780 430 912 465 decerni
937 429 1046 464 statim
1075 440 1176 474 atque
1193 424 1369 463 convistus
1393 427 1499 462 fuerit
1520 429 1590 476 ejus
1617 430 1678 468 rei,
1704 440 1850 474 propter

245 500 349 534 quam
369 483 676 521 excommunicatio
694 481 804 516 fertur
820 493 838 514 a
854 480 929 527 jure
947 477 1014 513 fine
1030 478 1102 514 ullo
1128 478 1268 524 praevio
1292 476 1429 523 judicio.
1493 479 1588 512 Haec
1615 476 1660 511 est
1689 477 1856 513 Gersonis

248 537 413 573 sententia
431 536 464 569 in
482 534 573 568 libro
589 532 629 566 de
648 532 715 565 vita
735 528 905 575 spirituali
929 528 1059 563 animae
1077 528 1134 562 lib.
1154 539 1188 570 4.
1211 526 1329 561 coroll.
1355 538 1408 568 ¹4·
1437 525 1577 572 propos·
1600 538 1632 561 2.
1682 526 1854 569 Quaeret,

246 587 372 631 inquit,
398 585 536 632 aliquis,
562 580 644 628 quid
661 588 846 626 operentur
865 580 1207 613 excommunicationes
1231 577 1321 611 latae
1333 576 1521 620 sententiae
1535 587 1601 623 per
1615 587 1764 612 canones.
1794 577 1857 611 Re-

241 635 385 684 spondeo
396 657 408 671 ‚
425 632 507 679 ficut
524 632 633 676 accepi
648 641 669 662 a
681 636 901 674 praeceptore
918 638 986 661 meo
997 651 1005 663 ‚
1033 638 1087 661 eas
1104 626 1306 661 tantumdem
1324 628 1465 671 operari
1481 651 1488 665 ‚
1516 635 1554 661 nt
1571 624 1689 672 absque
1702 625 1856 672 proceffu

247 687 316 720 alio
333 692 391 718 aut
407 693 494 716 nova
510 680 739 726 constitutione
753 675 849 723 poffit
863 676 972 721 judex
980 676 1096 722 statim
1110 675 1253 722 probato
1265 675 1362 718 fufio
1379 699 1387 714 ,
1414 675 1468 708 vel
1485 675 1669 720 canfeffato
1678 676 1783 719 ferre
1803 677 1859 718 fit.

248 738 299 770 rii
311 733 514 778 sententiam
530 755 539 770 ,
569 736 600 764 et
622 725 764 762 eamdem
777 724 952 771 publicare
970 749 978 765 ,
1007 737 1071 759 non
1073 725 1121 772 fic
1137 724 1196 760 ubi
1215 735 1350 759 canones
1367 723 1472 769 effent
1482 726 1588 768 solum
1597 722 1769 768 ferendae
1779 724 1860 768 sen.

247 785 377 818 tentiae
394 805 403 817 ,
430 781 586 827 quoniam
603 778 800 813 monitiones
820 783 852 809 et
861 773 1031 820 proceffiis
1042 774 1223 819 secundum
1244 774 1404 808 terminos
1431 775 1527 819 juris
1545 774 1859 820 praerequiruntur

243 832 344 868 multi
383 832 457 865 ices.

341 835 380 878 Pl
402 880 574 920 Quaeres,
591 885 708 909 utrum
725 871 1032 906 excommunicatio
1051 868 1124 915 ipso
1141 867 1234 903 fasso
1255 881 1324 904 non
1341 868 1376 903 id
1397 869 1497 903 etiam
1515 880 1693 914 operetur,
1721 880 1760 905 ut
1783 871 1859 908 cui-

249 929 333 965 libet
351 929 486 974 privato
504 925 600 958 liceat
630 921 669 957 ab
687 921 796 961 illius,
824 920 884 965 qui
905 931 976 954 rem
1002 918 1062 953 sub
1089 930 1200 964 poena
1225 918 1584 953 excommunicationis
1602 917 1676 964 ipso
1696 916 1789 954 fagio
1806 920 1860 955 in.

248 977 439 1015 currendae
455 974 592 1009 vetitam
611 980 806 1016 perpetrat,
832 969 1077 1003 communione
1095 966 1220 1011 absque
1233 967 1303 1002 ullo
1321 968 1458 1012 praevio
1477 967 1607 1014 judicio
1623 967 1806 1007 discedere.

398 1021 601 1070 Respondeo
613 1047 620 1060 ,
633 1032 708 1054 eum
720 1044 728 1059 ,
756 1019 814 1063 qui
835 1018 869 1051 in
889 1016 1240 1064 ejusmodipeccatum
1260 1016 1397 1056 incidit,
1416 1012 1468 1052 vel
1485 1014 1546 1050 effe
1561 1016 1861 1062 {uperiorem,vel

247 1075 471 1114 inferiorem,
498 1071 552 1106 vel
569 1068 750 1114 aequalem.
779 1067 932 1102 Secundo
952 1066 1022 1113 ejus
1041 1067 1184 1103 crimen,
1212 1065 1266 1100 vel
1287 1064 1349 1100 else
1368 1076 1488 1101 notum
1507 1066 1687 1107 omnibus,
1704 1066 1760 1101 vel
1773 1079 1860 1113 pau.

248 1127 298 1160 cis
318 1135 460 1159 tantum.
511 1121 635 1155 Tertio
650 1143 659 1160 ,
685 1117 738 1152 vel
754 1115 816 1151 effe
832 1117 958 1151 crimen
975 1114 1149 1150 haereseos
1167 1115 1218 1149 vel
1237 1116 1387 1151 morum.
1416 1117 1568 1159 Quarto,
1585 1128 1677 1156 eum,
1705 1117 1764 1161 qui
1783 1116 1859 1151 vult

245 1175 293 1209 ab
319 1174 388 1221 ejus
415 1171 659 1208 communione
686 1166 855 1203 secedere,
882 1165 935 1200 vel
961 1164 1022 1200 effe
1049 1164 1176 1206 solum,
1212 1165 1264 1199 vel
1289 1177 1366 1200 cum
1392 1164 1562 1210 pluribus.
1619 1166 1776 1209 Quinto,
1804 1165 1859 1201 vel

247 1222 347 1270 spem
371 1220 452 1261 effe,
479 1232 516 1255 ut
537 1216 706 1254 accusatus
725 1216 903 1250 damnetur
923 1215 976 1248 vel
1004 1227 1084 1249 non.
1137 1214 1328 1248 Secundum
1346 1214 1428 1248 haec
1442 1215 1532 1248 varie
1553 1215 1735 1258 agendum,

403 1271 520 1304 Primo
541 1268 651 1305 enim,
679 1264 703 1298 fi
720 1266 768 1301 is,
795 1264 855 1306 qui
874 1263 1006 1306 aliquid
1030 1262 1091 1296 sub
1108 1274 1218 1307 poena
1235 1262 1452 1296 anathema-tis
1471 1261 1549 1306 ipso
1569 1260 1661 1296 festo
1678 1264 1859 1298 incurren-

251 1320 287 1355 di
304 1317 519 1365 prohibitum
537 1313 635 1354 facit,
663 1313 820 1358 superior
838 1310 891 1351 sit,
920 1309 1125 1345 deferendus
1146 1308 1191 1344 est
1207 1310 1248 1343 ad
1270 1309 1340 1356 ejus
1359 1308 1590 1356 superiorem,
1609 1323 1709 1357 puta,
1726 1311 1748 1346 fi
1765 1324 1860 1358 pres·

250 1369 353 1416 byter
370 1366 411 1401 ad
431 1364 646 1412 episcopum,
673 1360 696 1395 fi
716 1359 896 1407 episcopus
914 1360 955 1394 ad
982 1358 1150 1407 synodum
1183 1358 1427 1404 provincialem
1452 1372 1508 1394 aut
1538 1361 1854 1406 metropolitanum.

251 1418 368 1453 Licuit
385 1428 495 1450 tamen
516 1414 598 1448 olim
617 1410 707 1457 plebi
724 1422 755 1443 et
774 1409 862 1443 clero
881 1408 922 1442 ab
948 1409 1095 1454 episcopi
1116 1407 1164 1442 sui
1181 1409 1424 1442 communione
1443 1421 1590 1455 propter
1608 1408 1766 1444 haerefim
1778 1436 1786 1451 ,
1798 1422 1859 1446 aut

252 1465 487 1502 idololatriam
505 1461 693 1501 discedere3
725 1457 779 1492 sed
799 1457 878 1501 quia
903 1457 1014 1490 multa
1039 1457 1119 1490 inde
1149 1455 1368 1491 nascebantur
1391 1459 1627 1500 incommoda,
1655 1459 1690 1494 id
1716 1461 1861 1496 vetitum,

250 1514 299 1550 est
316 1526 440 1549 canone
461 1525 515 1546 ιο.
534 1508 671 1546 offlavae
686 1506 806 1554 synodi
822 1506 874 1539 his
889 1504 1012 1539 verbis.
1066 1505 1190 1539 Nullus
1209 1505 1344 1539 clericus
1362 1514 1442 1540 ante
1465 1507 1666 1554 diligentem
1689 1512 1860 1545 examina..
1911 1531 1920 1540 ,

249 1567 372 1601 tionem
393 1571 426 1598 et
437 1561 628 1608 synodicam
646 1558 848 1601 sententiam
875 1567 895 1588 a
912 1555 1129 1588 communione
1139 1555 1278 1600 propri-i
1295 1556 1440 1600 episcopi
1446 1556 1484 1599 se
1494 1558 1643 1602 separet,
1654 1559 1733 1592 licet
1747 1567 1866 1606 quam-a-

250 1613 336 1649 libet
352 1612 556 1646 criminalem
579 1608 706 1651 causam
726 1607 794 1651 ejus
805 1607 843 1648 se
861 1603 948 1649 noffe
964 1603 1192 1650 praetendat,
1228 1613 1287 1636 nec
1313 1605 1442 1647 recuset
1466 1615 1581 1639 nomen
1606 1605 1702 1652 ipsius
1725 1609 1866 1653 referre

247 1666 342 1698 inter
364 1660 485 1695 divina
503 1657 669 1705 mysteria.
724 1654 815 1689 Idem
826 1653 1001 1699 statuimus
1018 1653 1057 1687 de
1084 1652 1241 1698 epifi-opis
1268 1662 1352 1699 erga
1375 1655 1534 1698 proprios
1549 1655 1795 1700 metropolitas,
1814 1656 1862 1704 [ιζ’

249 1713 380 1747 militer
397 1719 430 1745 et
452 1709 493 1743 de
509 1705 779 1752 metropolitanis
794 1705 883 1737 circa
897 1702 1128 1748 patriarcham
1142 1702 1254 1745 suum,
1282 1703 1341 1747 qui
1358 1712 1436 1736 vero
1455 1711 1571 1738 contra
1588 1705 1718 1749 fecerit
1734 1704 1775 1739 ab
1795 1717 1864 1740 om-

249 1763 291 1795 ui
302 1759 508 1804 sacerdotali
525 1756 719 1803 operatione
735 1761 767 1787 et
784 1753 905 1787 honore
921 1751 1064 1786 decidat.
1110 1751 1204 1786 Hinc
1219 1749 1407 1795 intelligere
1423 1749 1469 1785 est
1485 1753 1635 1797 graviter
1660 1752 1772 1799 decipi
1793 1765 1859 1790 no.

247 1811 352 1844 vitios
370 1806 534 1852 quosdam
552 1803 794 1850 episcoporum
812 1798 1040 1841 detragiores‚
1091 1800 1154 1844 qui
1171 1796 1331 1839 furtivis,
1359 1798 1490 1841 nescio,
1517 1800 1643 1846 quibus
1667 1802 1702 1836 in
1721 1801 1859 1849 scriptis

250 1857 405 1894 adserere
424 1855 487 1890 auli
509 1854 603 1894 sunt,
621 1851 807 1902 ‘episcopos
827 1849 927 1884 semel
944 1850 979 1883 in
995 1860 1128 1896 peccata
1145 1846 1330 1883 canonibus
1350 1849 1522 1894 prohibita
1552 1849 1664 1897 lapsos
1689 1851 1757 1899 jam
1785 1865 1861 1888 non

249 1906 426 1942 habendos
443 1903 504 1940 effe
525 1917 592 1950 pro
610 1900 780 1947 episcopis
797 1925 804 1939 ,
834 1911 893 1933 nec
911 1911 958 1933 ets
979 1899 1128 1946 amplius
1146 1897 1454 1943 obtemperandum
1474 1913 1480 1932 :
1509 1899 1587 1935 licet
1611 1900 1702 1935 enim
1726 1901 1859 1947 aliquis

248 1955 431 2001 episcopus
451 1967 486 1988 ea
503 1964 635 1999 peccata
651 1948 860 1985 commiserit
873 1974 880 1988 ,
900 1960 1046 1994 propter
1066 1960 1150 1993 quae
1167 1946 1205 1982 fit
1223 1947 1444 1992 deponendus
1465 1961 1472 1981 z
1501 1948 1635 1996 semper
1653 1960 1767 1985 tamen
1785 1952 1859 1998 epi-

247 2004 374 2050 scopus
395 2003 510 2037 haberi
529 2002 644 2039 debet,
672 2001 770 2043 eique
785 1998 1023 2042 obtemperare
1051 2008 1204 2043 oportet,
1233 1995 1339 2030 donec
1362 1996 1514 2043 legitime
1541 1997 1647 2034 fuerit
1671 1998 1854 2046 depositus,

248 2065 283 2088 et
305 2053 326 2087 Γι
344 2053 379 2087 id
398 2051 470 2086 fieri
488 2064 557 2086 non
575 2047 674 2096 poffit
692 2048 736 2083 ob
756 2047 826 2093 ejus
843 2047 983 2092 gratiam
1011 2059 1042 2082 et
1067 2047 1271 2093 potentiam,
1300 2046 1499 2082 tolerandus
1527 2047 1591 2088 est,
1618 2059 1690 2083 non
1717 2047 1860 2085 schisma

246 2101 442 2138 faciendum
467 2102 501 2134 in
521 2098 651 2135 ecclesia
669 2122 678 2135 ‚
704 2095 902 2143 praesertim
919 2108 997 2131 cum
1016 2097 1055 2131 de
1075 2096 1229 2131 moribus
1257 2107 1325 2130 non
1356 2095 1396 2130 de
1424 2095 1491 2131 fide
1511 2098 1634 2144 agitur.
1693 2099 1755 2137 Sic*
1771 2108 1860 2134 tem·

248 2164 334 2199 pore
354 2151 537 2198 Cypriani,
565 2160 602 2184 ut
618 2145 773 2183 observat
791 2144 1017 2190 Augustinus,
1037 2145 1269 2181 tolerabantur
1292 2146 1326 2179 in
1349 2145 1481 2182 ecclelia
1498 2146 1651 2195 episcopi
1668 2145 1737 2189 illi,
1767 2159 1859 2193 quoq

245 2213 327 2240 rum
343 2200 462 2238 luxum
485 2212 516 2237 et
533 2197 707 2238 avaritiam
725 2195 880 2234 describit
896 2196 1088 2244 Cyprianus
1105 2195 1141 2231 in
1157 2194 1247 2232 libro
1265 2193 1307 2229 de
1333 2193 1444 2243 lapfis.

1675 2295 1798 2337 &cum
