2022 2733
305 212 815 253 DISSERTATIONES
844 214 1377 257 HlSTORICAE.D1mu.
1407 221 1467 259 Vi.
1571 225 1644 271 333'

228 308 276 340 Ex
287 306 340 341 his
359 318 458 353 patet,
478 304 608 341 sanssos
626 318 741 352 patres
761 305 874 340 locum
893 296 984 341 hune
1000 307 1194 343 intellexisse
1215 309 1255 343 de
1273 309 1431 345 omnibus
1453 310 1631 350 fidelibus,
1659 324 1689 350 et

72 355 220 390 maxime
239 355 279 390 de
297 356 466 402 episcopis
480 369 511 389 et
529 355 731 402 pastoribus,
755 357 879 400 quibus
896 356 1056 391 omnibus
1072 358 1151 393 haec
1165 359 1266 393 verba
1285 359 1418 405 adaptat
1438 362 1569 396 ecclesia
1586 364 1620 397 in
1634 360 1685 398 of·

64 404 144 441 ficio
160 404 311 450 publico.
344 407 435 447 Quid
450 419 530 440 vero
541 418 577 440 ex
588 405 735 441 istoloco
749 404 972 441 itaintelleeio
987 406 1282 455 deducerepoffint
1290 410 1485 453 adver-larii,
1515 425 1577 458 ego
1588 425 1687 459 pror-

65 453 123 490 sus
143 466 265 501 capere
285 468 352 490 non
369 455 512 501 polsum.

220 509 282 544 At,
312 507 425 548 inquit
445 505 689 540 Bellarminus‚
717 506 871 548 quamvis
888 516 998 549 patres
1018 519 1085 540 non
1103 507 1291 552 loquantur
1304 510 1456 556 expreffe
1482 510 1524 544 de
1542 514 1688 558 episcopo

63 555 231 590 Romano,
274 563 384 589 tamen
411 555 481 600 fine
514 553 614 588 dnbio
637 555 806 597 sententia
827 556 1022 598 scripturae
1040 556 1155 599 est,ut
1173 557 1260 602 ficut
1292 560 1434 603 episcopi
1457 562 1685 604 particulares

59 606 143 648 Jant
170 605 286 646 summi
311 605 476 638 oeconomi
502 606 540 636 in
557 603 631 646 suis
659 601 812 648 ecclesiis,
866 605 917 635 ita
945 603 1005 648 ‘iffi’
1033 605 1214 650 episcopum
1239 607 1428 641 Romanum
1462 610 1498 642 in
1524 612 1684 655 universa

64 652 201 699 ecclcss'a.

76 704 89 713 ”
216 704 328 745 Atque
345 701 484 744 inquam
505 711 586 744 ego,
614 697 775 734 sententia
794 699 939 734 haec‘est
958 699 1152 736 Bellarmini
1179 714 1247 737 non
1274 702 1473 750 scripturae,
1526 718 1597 741 non
1627 720 1685 754 pt-

64 760 170 790 trum‚
192 751 249 794 qui
269 749 395 784 nullam
410 750 557 784 Romani
578 748 727 794 episcopi
746 751 954 784 mentionem
973 749 1120 791 faciunt,
1147 763 1185 787 ut
1204 765 1314 789 autem
1340 752 1429 788 reste
1455 754 1684 793 institueretur

64 801 297 845 comparatio,
325 799 462 833 deberet
481 800 526 833 ita
543 798 745 844 procedere,
776 810 812 834 ut
830 798 980 845 episcopi
1000 801 1220 845 particulares
1249 803 1324 837 sunt
1350 803 1473 838 summi
1498 808 1681 842 oeconomi

61 849 98 883 in
118 848 174 884 sua
193 847 323 883 ecclelia
336 875 343 888 ‚
372 850 417 882 ita
436 846 616 894 episeopus
633 851 807 883 Romanus
825 849 858 882 in
878 851 1046 890 Romana,
1100 851 1147 885 ita
1164 862 1275 886 tamen
1304 864 1341 886 ut
1358 866 1505 899 propter
1521 857 1682 902 amplitu-

61 898 177 933 dinem
213 896 298 936 sedis
328 896 456 931 habeat'
472 897 642 941 quandam
666 897 766 942 super
793 897 984 932 universam
1014 898 1180 934 ecclesiam
1209 901 1470 947 inspeffionem,
1525 903 1582 939 sed
1610 917 1680 940 tan=

62 958 137 982 tum
156 959 193 981 ut
211 958 355 980 canones
379 945 507 991 ubique
525 945 697 980 observari
714 958 898 991 procuret:
951 959 984 981 et
1011 947 1053 982 fic
1070 948 1190 993 aliquo
1208 951 1312 985 modo
1333 951 1400 986 dici
1418 952 1528 997 potest
1539 955 1678 990 univer.

62 995 118 1031 sae
136 995 287 1031 ecclefiae
306 1007 529 1030 oeconomus.
583 998 696 1038 Atque
716 997 759 1030 ita
776 994 892 1030 forsan
909 996 1114 1042 intelligitur
1137 998 1223 1033 istud
1244 1000 1388 1042 Hilarii,
1414 1001 1525 1037 domus
1541 1003 1678 1050 Deiseu

63 1045 228 1092 ecclesiae,
264 1047 355 1091 cujus
377 1047 486 1080 νεῦον·
496 1045 537 1090 est
554 1045 728 1089 Damasus.
781 1048 873 1080 Nam
894 1046 943 1080 vel
960 1046 994 1080 id
1020 1046 1207 1093 intelligere
1234 1062 1373 1095 oportet
1399 1050 1440 1084 de
1460 1051 1527 1085 sola
1543 1052 1679 1089 ecclesi·

62 1097 227 1134 Romana,
245 1093 296 1128 vel
314 1093 337 1128 fi
358 1094 399 1128 de
410 1094 567 1129 universa
583 1093 770 1139 intelligas,
798 1107 867 1128 non
896 1094 1006 1140 potest
1030 1096 1126 1130 aliter
1142 1099 1249 1144 accipi
1269 1111 1369 1143 quam
1389 1099 1430 1133 de
1451 1101 1598 1145 generali
1617 1102 1676 1137 illa

59 1147 164 1179 totius
180 1143 330 1178 ecclesiae
351 1156 446 1185 cura,
476 1155 577 1188 quarn
599 1142 753 1178 summus
772 1143 932 1190 pontifex
950 1144 994 1180 ob
1011 1146 1200 1190 primatum
1220 1148 1344 1184 habere
1361 1161 1512 1191 tenetur,
1564 1162 1600 1186 ut
1618 1151 1675 1186 ob=

62 1192 271 1229 servavimus
288 1192 378 1227 alibi.

214 1245 325 1288 Urget
347 1241 591 1277 Bellarminus‚
619 1241 911 1283 quemadmodum
929 1255 1138 1279 oeconomus
1160 1246 1203 1280 ira
1223 1246 1267 1282 est
1285 1247 1386 1292 supra
1402 1246 1585 1289 familiam,
1638 1261 1675 1285 ut

61 1303 132 1327 non
155 1290 254 1338 poffit
269 1291 309 1325 ab
330 1303 365 1324 ea
384 1290 530 1336 judicari
550 1300 582 1322 et
599 1290 736 1333 puniri,
764 1289 820 1325 sed
840 1305 858 1325 a
875 1291 948 1326 solo
968 1290 1156 1333 direaore,
1183 1295 1273 1330 ldem
1290 1296 1473 1332 dicendum
1493 1296 1538 1331 est
1555 1297 1596 1332 de
1609 1300 1675 1333 Ro-

59 1353 163 1377 mano
179 1337 347 1386 pontifice
372 1336 531 1383 respestu
558 1336 714 1371 ecclesiae.
1044 1381 1046 1384 v

207 1387 418 1434 Respondeo,
438 1387 681 1422 Bellarmmum
698 1386 829 1433 semper
846 1384 930 1424 falso
947 1389 1150 1438 supponere,
1163 1393 1197 1428 id
1209 1392 1250 1427 de
1270 1392 1340 1428 solo
1352 1392 1514 1440 pontifice
1524 1392 1673 1438 distum3

55 1439 180 1475 deinde
195 1436 279 1474 falso
301 1438 399 1473 etiam
416 1436 612 1483 supponere
629 1449 706 1471 eum
725 1436 788 1472 effe
804 1449 1034 1476 oeconomum
1052 1443 1227 1478 universae
1238 1442 1389 1478 ecclesiae
1406 1457 1446 1479 eo
1467 1444 1583 1486 modo,
1602 1458 1672 1491 quo

56 1487 210 1536 episcopi
230 1487 305 1523 sunt
321 1488 499 1522 oeconomi
517 1485 651 1520 suarum
670 1486 891 1524 ecclesiarum.
943 1493 1070 1528 Tertio
1097 1492 1181 1528 falso
1207 1504 1307 1527 etiam
1327 1491 1520 1539 supponere
1536 1507 1671 1542 compa-

54 1540 224 1574 rationem
240 1538 275 1571 in
296 1536 455 1571 omnibUS
475 1532 536 1568 effe
554 1535 747 1578 aequalem
776 1548 862 1579 quae
878 1539 944 1573 tria
961 1551 1038 1576 eum
1059 1540 1240 1577 necessario
1258 1541 1439 1589 supponat,
1451 1545 1670 1581 ratiocinium

59 1587 259 1623 Bellarmini
275 1596 386 1620 totum
414 1584 514 1630 plane
535 1583 683 1618 concidit
700 1596 738 1617 ex
757 1582 867 1619 diffis.

210 1634 385 1680 Objicitur
403 1633 550 1668 secundo
568 1632 663 1667 locus
683 1632 766 1667 alius
785 1635 949 1680 evangelii
967 1638 1111 1683 Joannis
1129 1637 1254 1673 scilicet
1280 1640 1403 1676 ultimo
1431 1644 1557 1689 eapite,
1609 1642 1670 1679 ubi

59 1683 213 1722 Christus
232 1687 370 1719 Petrum
388 1684 434 1717 ita
455 1682 671 1726 adloquitur:
685 1685 786 1729 pasce
805 1695 879 1718 oves
899 1696 994 1719 meas.
1048 1687 1185 1722 Constat
1201 1699 1333 1731 autem,
1361 1691 1475 1735 inquit
1499 1693 1670 1729 Bellarmi-

57 1748 139 1776 nus,
166 1732 335 1781 pastorem
352 1734 398 1767 ita
415 1730 558 1778 praeesse
573 1730 715 1771 ovibus,
743 1743 780 1766 ut
799 1732 895 1767 nullo
917 1735 1023 1769 modo
1040 1735 1080 1770 ab
1101 1737 1148 1771 eis
1173 1736 1313 1783 judicari
1332 1738 1442 1784 poffi't,

203 1781 419 1828 Respondeo,
436 1781 551 1816 locum
571 1781 664 1816 hunc
684 1780 724 1815 de
743 1781 904 1817 omnibus
922 1786 1065 1820 omnino
1090 1785 1281 1831 pastoribus
1306 1788 1452 1835 intelligi
1479 1800 1511 1826 et
1536 1791 1667 1827 intelle.

56 1833 150 1870 stum
169 1831 304 1879 semper
321 1829 441 1874 fuitsej
468 1831 513 1865 ita
531 1833 649 1865 Petrus
666 1829 734 1875 ipse
752 1830 845 1877 epist.
871 1844 899 1868 1.
926 1845 996 1879 cap.
1019 1846 1048 1878 5,
1075 1848 1194 1870 omnes
1211 1836 1398 1881 adloquens
1421 1839 1664 1887 presbyteros,
1715 1862 1718 1866 ,

51 1884 186 1931 fustist,
206 1884 264 1929 qui
281 1879 423 1916 in00b1'5
440 1880 493 1925 est:
507 1891 650 1928 gregem
659 1880 747 1920 Dei,
775 1881 887 1925 inquit
899 1907 906 1921 ‚
935 1883 1137 1919 Ambrofius
1155 1884 1195 1919 de
1213 1886 1375 1932 dignitate
1390 1886 1585 1925 sacerdotali
1595 1903 1616 1928 t.
1630 1904 1661 1929 ι.

55 1945 135 1981 quas
153 1943 244 1971 oves,
272 1931 403 1978 inquit,
426 1941 519 1976 quem
533 1940 676 1978 gregem
692 1942 760 1964 non
776 1932 879 1973 solum
895 1939 975 1966 tunc
991 1934 1029 1968 B.
1048 1935 1169 1970 Petrus
1181 1937 1347 1982 suscepit,
1375 1936 1431 1977 (ed
1445 1947 1479 1972 et
1501 1938 1663 1985 nobiscum

52 1981 277 2026 eassuJi-epit,
329 1989 363 2014 et
386 1991 456 2014 cum
482 1979 541 2013 illo
564 1990 618 2013 eas
643 1981 907 2025 nossttscepimus
926 1994 1043 2019 omnes.
1095 1983 1358 2031 Chrysostomus
1375 1986 1517 2021 homilia
1536 2001 1594 2033 79.
1623 1992 1658 2026 in

51 2033 151 2066 Matr.
170 2029 211 2064 ad
231 2029 309 2063 haee
326 2027 437 2062 verba.
491 2029 589 2062 Amas
609 2039 677 2068 me,
705 2029 805 2063 Perre
823 2039 881 2064 etc.
909 2031 998 2077 quod
1013 2045 1080 2068 non
1094 2059 1101 2073 ,
1129 2034 1242 2079 inquit
1255 2059 1265 2073 ,
1292 2035 1337 2070 ad
1343 2036 1533 2080 fizcerdotes
1535 2041 1661 2083 solum.

51 2080 144 2115 nodo
165 2079 291 2114 diffum
311 2078 369 2124 est,
398 2088 512 2112 verum
531 2079 631 2112 etiam
649 2077 695 2112 ad
701 2077 848 2127 singulos
865 2079 1025 2124 nostrum,
1046 2082 1166 2128 quibus
1183 2086 1235 2119 vel
1252 2087 1408 2121 minimus
1420 2098 1512 2133 grex
1527 2088 1570 2133 est
1579 2102 1659 2125 com-

53 2129 175 2175 mtffus.
229 2127 348 2162 Verbo
369 2127 476 2161 dicam
493 2151 501 2166 ,
529 2126 659 2170 antiqui
678 2139 813 2167 omnes,
842 2128 875 2161 id
895 2129 986 2172 quod
1006 2130 1134 2167 digium
1151 2132 1196 2168 est
1214 2136 1322 2176 Petro,
1351 2133 1391 2170 ai
1411 2146 1529 2170 omnes
1546 2137 1658 2182 pasto-

49 2189 104 2213 res
115 2176 244 2212 distum
264 2174 326 2211 effe
344 2186 540 2213 autumant,
592 2174 682 2209 unde
701 2177 908 2222 Augustinus
926 2179 980 2218 ait,
1000 2181 1168 2216 multoties
1187 2186 1325 2219 Petrum
1343 2195 1421 2218 tunc
1437 2184 1583 2219 ecclesiae
1603 2187 1655 2222 su-

40 2223 199 2260 ,stinuiss'e
213 2225 403 2270 personam.
456 2227 536 2258 Hoc
556 2223 666 2269 polito
687 2228 754 2259 ruit
772 2227 985 2261 ratiocinium
1007 2230 1212 2266 Beliarmini.
1265 2233 1524 2268 Probaretenim
1545 2235 1655 2280 pasto.

50 2285 105 2320 get
119 2284 237 2320 omne}
254 2287 274 2311 ι
289 2276 425 2321 nemine
441 2273 533 2323 posse
548 2273 711 2322 judicari3
739 2275 794 2312 sed
814 2276 938 2361 etiamsi
958 2279 1056 2316 Petro
1072 2279 1179 2320 soliid
1196 2280 1326 2322 distqm
1340 2282 1554 2324 conveniret,
1577 2288 1655 2331 past

850 2364 853 2365 ⁷
912 2338 936 2361 u
961 2339 981 2362 2
1573 2346 1607 2372 ‘g
