1982 2739
309 220 375 252 x-so
527 208 597 244 DE
624 205 902 247 ANTIQUA
926 201 1206 239 ECCLESIAE
1258 199 1593 236 DISCIPLINA

254 302 465 337 Romanum:
500 297 576 332 Hac
601 297 735 345 igitur,
768 293 900 340 inquit,
935 291 976 327 de
998 292 1096 337 causa
1119 299 1211 326 tuam
1235 303 1291 325 oro
1316 289 1531 334 sanHitatem
1551 313 1560 327 ‚
1594 298 1633 325 ut
1655 286 1860 335 persuadeas

247 348 445 397 Janffiffimo
471 360 505 382 ac
531 346 709 393 beatissimo
724 344 979 391 archiepiscopo,
1006 351 1045 378 ut
1068 340 1240 388 apostolica
1259 348 1377 374 utatur·
1394 341 1598 379 autoritate,
1627 348 1660 374 et
1675 340 1867 385 praecipiat

255 399 304 436 ad
320 399 458 444 vestrum
475 407 651 431 convocare
669 395 855 430 concilium.
908 394 949 427 Et
968 392 1002 425 in
1019 389 1159 437 epistola
1182 389 1222 424 ad
1250 387 1468 428 Anatolium,
1503 388 1586 434 petit
1614 386 1746 422 causam
1773 385 1870 422 suam

257 447 442 483 examinari
460 458 530 480 non
548 458 565 479 a
585 443 657 480 solo
674 446 830 480 Romano
855 439 1036 489 pontifice,
1063 439 1118 474 sed
1145 438 1184 474 ab
1210 437 1397 484 episcopis:
1433 437 1722 485 Magnitudinem
1749 445 1840 471 tuam
1858 460 1868 476 ,

257 498 390 543 inquit,
417 495 559 542 obtestor
581 495 666 529 lianc
683 505 703 527 a
724 493 860 528 Vitiare
886 489 1039 539 Augusto
1050 491 1209 539 gratiam
1227 498 1323 535 petas
1341 512 1350 524 ‚
1377 496 1416 522 ut
1435 490 1471 522 in
1491 487 1688 522 occidentem
1705 488 1840 521 veniam
1858 508 1870 522 ‚

256 548 373 595 ibique
389 560 409 582 a
428 546 501 582 Deo
521 542 711 591 chariffimis
727 544 888 589 episcopis
899 540 1059 587 judicem·
1085 538 1163 585 atsi
1175 540 1228 573 vel
1240 541 1409 572 minimum
1426 549 1446 571 a
1458 535 1546 579 fidei
1563 537 1681 584 regula
1693 534 1870 584 deflec‘iere

258 598 404 637 videar,
431 598 468 629 in
485 593 626 629 medium
643 594 746 627 maris
769 591 979 638 profundum
996 589 1155 635 dejiciar.
1208 590 1251 623 Et
1276 585 1414 633 epistola
1441 593 1518 630 ¹38-
1544 585 1584 620 ad
1605 584 1783 620 eumdem:
1811 582 1869 619 Ad

258 647 336 682 haec
354 646 426 681 Deo
445 642 599 679 ditet-Yam
619 642 752 677 illorum
761 639 1002 686 sublimitatem
1018 637 1242 685 obtestantini,
1277 646 1315 672 ut
1342 635 1430 672 reeie
1455 635 1617 678 institutis
1645 634 1743 676 finem
1768 636 1871 680 impo-

260 690 358 730 nant.
413 695 507 728 Idem
520 691 617 727 habet
637 693 671 725 in
704 688 861 736 Epistolis
884 701 962 733 139.
989 699 1020 723 et
1046 699 1121 729 140.
1135 700 1193 727 ‚ex
1218 686 1341 732 quibus
1361 684 1504 722 constat,
1526 685 1783 719 Theodoritum
1802 694 1871 717 non

259 741 437 789 adpellaffe
454 742 492 776 ad
518 739 715 788 pontificem
738 744 906 778 Leonem,
943 737 999 772 sed
1016 748 1146 771 tantum
1166 736 1206 771 ab
1224 749 1262 770 eo
1282 734 1461 770 consilium
1484 747 1514 768 et
1532 731 1750 780 implorasse,
1769 744 1804 767 ac
1814 744 1873 779 pe-

261 791 346 829 tiiffe
364 792 404 827 ab
422 789 685 836 imperatoribus
697 813 705 826 ‚
733 799 770 822 ut
787 790 821 822 in
842 786 987 822 concilio
1011 786 1270 821 occidentalinm
1289 785 1506 832 judicaretur.

411 840 504 884 Quid
522 838 643 874 deinde
654 837 781 883 gestum
800 835 916 876 fuerit,
938 834 1171 879 inquiramus,
1199 834 1375 869 contendit
1399 831 1608 868 Christianus
1619 835 1741 878 Lupus
1754 830 1872 866 Theo-

261 891 414 927 doritum
435 903 452 924 a
471 893 584 924 Leone
602 885 698 922 fuisse
715 886 905 921 restitutum
924 895 955 919 et
974 883 1166 919 revestitum
1184 882 1397 929 episcopatu,
1424 882 1527 926 idque
1544 881 1691 928 probare
1711 891 1873 920 conatur,

261 952 336 977 tum
357 952 394 974 ex
425 937 565 984 epistola
582 937 704 971 Leonis
725 947 779 980 93.
793 960 802 973 ‚
830 934 890 970 ubi
911 933 989 968 haec
1003 934 1058 967 ait.
1111 933 1203 968 Deus
1223 933 1444 977 nolier,c11jus
1468 930 1675 966 invincibilis
1697 933 1825 966 veritas
1835 929 1875 964 ab

261 992 351 1026 omni
368 990 533 1032 haereseos
551 987 677 1020 macula
693 985 848 1019 mundum
869 992 901 1018 te
914 982 1098 1028 secundum
1116 982 1309 1027 apostolicae
1320 980 1409 1024 sedis
1425 979 1592 1026 judicium
1616 979 1875 1026 demonstravit:

261 1050 336 1074 tum
355 1050 393 1071 ex
412 1035 534 1082 synodi
551 1032 833 1070 Chalcedonensss
851 1030 949 1071 assis,
978 1033 1012 1065 in
1032 1030 1152 1075 quibus
1176 1030 1411 1064 Theodoritus
1429 1030 1551 1063 dicitur
1569 1028 1721 1063 redditus
1743 1025 1876 1072 episco-

259 1088 355 1136 patui
370 1098 392 1120 *a
410 1088 531 1120 Leone.
585 1086 612 1118 E
628 1095 744 1118 contra
761 1081 949 1117 Paschasius
965 1080 1142 1122 Quenellis
1163 1078 1318 1114 observat
1336 1089 1368 1113 et
1389 1077 1514 1125 probat
1532 1091 1571 1112 ex
1588 1077 1640 1112 his
1657 1073 1798 1112 minime
1809 1076 1876 1112 col-

261 1138 343 1183 ligi,
370 1134 512 1180 aiiquod
531 1132 673 1180 speciale
692 1132 733 1167 de
751 1131 960 1167 restitutione
976 1129 1185 1165 Theodoriti
1203 1129 1365 1176 judicium
1385 1140 1403 1161 a
1421 1131 1535 1163 Leone
1555 1126 1725 1164 emissum,
1751 1125 1806 1161 sed
1824 1126 1877 1160 10-

261 1186 443 1222 lummodo
476 1186 625 1219 Leonem
653 1183 934 1217 communionem
962 1192 1039 1215 cum
1066 1192 1108 1213 eo
1134 1192 1202 1213 non
1234 1177 1402 1224 abrupisse
1429 1177 1472 1212 ob
1509 1184 1682 1212 decretum
1707 1175 1879 1210 latrocinii

262 1233 420 1281 Ephefini
436 1258 445 1270 ,
474 1232 567 1276 quod
588 1231 688 1276 plane
712 1232 846 1264 irritum
866 1239 945 1263 erat.
997 1230 1183 1263 Nec-enim,
1212 1226 1340 1270 inquit,
1371 1228 1476 1260 aliter
1491 1227 1523 1260 S.
1544 1227 1610 1260 Leo
1634 1225 1878 1260 Theodoritum

263 1296 360 1332 quam
377 1282 580 1317 Flavianum
598 1287 632 1313 et
656 1280 738 1312 alios
756 1279 904 1323 restituit
921 1301 929 1315 ‚
964 1284 1080 1321 petens
1096 1277 1241 1318 scilicet,
1268 1283 1305 1308 ut
1321 1273 1438 1308 canna
1456 1276 1491 1308 in
1509 1273 1615 1308 eodem
1633 1273 1720 1317 statu
1746 1273 1849 1319 effent
1865 1298 1875 1314 ,

264 1338 304 1370 in
331 1343 393 1379 quo
413 1332 562 1376 fuerant
587 1335 665 1361 ante
687 1337 776 1360 omne
786 1326 974 1372 judicium,
1010 1323 1110 1357 donec
1127 1323 1232 1369 major
1249 1334 1290 1356 ex
1306 1331 1377 1357 toto
1396 1321 1473 1356 orbe
1484 1322 1695 1366 sacerdotum
1721 1334 1875 1358 numerus

263 1387 535 1429 congregaretur.
589 1378 630 1410 Et
649 1386 734 1409 certe
754 1374 916 1421 judicium
934 1373 1056 1407 Leonis
1074 1372 1108 1405 in
1131 1371 1272 1416 gratiam
1293 1370 1503 1406 Theodoriti
1528 1370 1651 1408 latum,
1678 1370 1765 1406 nihil
1782 1369 1876 1406 aliud

263 1428 365 1466 fuiffe
380 1453 388 1467 ,
450 1437 553 1471 quam
578 1424 706 1458 litteras
740 1422 998 1457 communionis
1024 1443 1035 1456 ‚
1094 1418 1223 1453 constat
1264 1431 1303 1453 ex
1342 1419 1502 1455 sententia
1536 1420 1725 1466 legatorum
1765 1420 1873 1467 ipsius

264 1478 391 1516 Leonis
410 1473 472 1509 ast.
498 1481 527 1513 3.
605 1471 751 1507 Concilii
789 1483 797 1504 :
829 1469 1070 1505 leeodoritum
1089 1494 1097 1507 ,
1163 1468 1325 1511 inquiunt
1345 1492 1353 1507 ‚
1408 1469 1622 1517 lanffiffimus
1655 1483 1695 1505 ac
1734 1469 1877 1519 beatiffi.

1966 738 1982 792 μ’,
1968 675 1982 732 ae.-.;.
1972 574 1982 670 -ᾳ-ο·
1974 518 1982 572 -ν-
1974 491 1978 498 ·

1973 1061 1979 1085 ι·-
1976 1047 1982 1054 ;-
1971 999 1982 1031 ue·
1969 871 1982 989 *mi-m*-
1970 800 1982 865 ῥεῖ.

264 1540 333 1564 mus
366 1525 543 1567 universae
566 1521 710 1567 ecclesiae
740 1520 908 1566 episcopus
948 1517 1043 1553 urbis
1080 1517 1201 1551 Romae
1228 1516 1292 1550 Leo
1310 1515 1435 1550 dudum
1467 1521 1504 1553 in
1533 1522 1780 1555 communionem
1808 1520 1878 1566 sus:
1934 1510 1960 1549 s

263 1579 379 1623 cepit3
431 1573 516 1621 ficut
554 1572 694 1606 litterae
731 1568 772 1604 ab
813 1580 850 1603 eo
886 1568 931 1602 ad
952 1567 1092 1611 nostram
1116 1567 1341 1601 humilitatem
1368 1565 1520 1601 direHae
1547 1568 1710 1614 testantur
1735 1593 1744 1608 ,
1816 1578 1875 1605 etc,

265 1628 316 1663 Hi
335 1634 423 1660 certe
444 1635 515 1657 non
532 1618 712 1656 omifissent
731 1618 903 1654 decretum
916 1615 1076 1666 synodale
1095 1628 1111 1649 a
1129 1618 1240 1650 Leone
1256 1614 1360 1649 latum
1377 1615 1411 1648 in
1430 1616 1572 1660 gratiam
1591 1616 1822 1658 Theodoriti,
1850 1617 1875 1653 fi

264 1674 360 1722 quod
385 1671 553 1721 ejusmodi
576 1666 707 1708 fuisset,
734 1680 797 1702 nec
814 1665 916 1701 solam
937 1665 1214 1701 communionem
1233 1663 1433 1705 allegassent.
1486 1666 1577 1700 Licet
1594 1677 1706 1700 autem
1725 1665 1876 1714 synodus

264 1725 311 1760 ob
334 1722 428 1758 istam
451 1719 731 1757 communionem
754 1717 1016 1751 Theodoritum
1040 1715 1074 1748 in
1095 1713 1157 1749 suo
1170 1711 1318 1748 consessu
1336 1714 1452 1748 invitis
1466 1716 1644 1763 Aegyptiis
1660 1715 1772 1750 sedere
1786 1714 1878 1762 paffa

263 1773 388 1811 fuerit,
415 1784 484 1806 non
510 1781 625 1805 tamen
650 1767 811 1802 arbitrata
835 1764 882 1800 est
912 1778 990 1800 eum
1011 1764 1127 1809 aliquo
1144 1763 1271 1811 judicio
1295 1760 1390 1797 fuisse
1408 1776 1606 1810 purgatum,
1656 1765 1720 1799 Sed
1743 1765 1875 1801 causam

264 1824 336 1871 ejus
366 1820 565 1856 reservavit,
592 1829 624 1852 et
649 1818 788 1851 interim
813 1815 906 1850 hunc
928 1826 1000 1850 tum
1027 1814 1070 1847 ob
1095 1813 1372 1848 communionem
1401 1814 1471 1860 ejus
1490 1826 1566 1849 cum
1584 1817 1712 1851 Leone,
1738 1825 1812 1850 tum
1830 1814 1876 1851 ob

264 1871 386 1922 justum
403 1869 622 1914 imperatoris
641 1866 787 1901 admisit.
838 1866 892 1900 Sic
908 1865 999 1900 enim
1019 1859 1246 1910 pronuntiant
1259 1861 1397 1908 judices,
1413 1864 1661 1910 praejudicium
1679 1875 1719 1898 ex
1734 1867 1877 1910 persona

262 1920 525 1967 reverendiffimi
549 1918 692 1965 episcopi
713 1914 914 1952 Theodoriti
931 1915 1017 1950 nulli
1031 1911 1270 1961 generabitur,
1290 1913 1464 1956 reservata
1476 1914 1544 1960 post
1559 1914 1638 1948 haec
1647 1915 1734 1947 omni
1748 1916 1876 1959 accusa.

265 1974 370 2009 tione,
397 1978 429 2004 et
448 1968 539 2002 vobis
557 1977 589 2002 et
606 1968 676 2005 illi,
703 1975 736 2000 et
751 1976 834 2013 quae
851 1967 991 1999 invicem
1008 1973 1159 1997 exercere
1174 1963 1361 1996 volueritis,
1414 1964 1503 1997 Cum
1521 1964 1627 2008 igitur
1642 1974 1690 2000 ea,
1707 1974 1791 2006 quae
1802 1974 1876 2008 gra-

266 2022 362 2056 viora
395 2016 656 2052 videbantur,in
683 2014 828 2048 concilio
858 2014 1044 2047 examinata
1067 2011 1162 2053 sunt;
1212 2010 1255 2044 de
1278 2009 1375 2045 causa
1398 2011 1606 2047 Theodoriti
1629 2010 1811 2056 quaesitum
1829 2011 1876 2047 est

266 2067 328 2106 ast.
353 2076 383 2107 8.
403 2069 439 2101 in
457 2078 491 2099 ea
508 2063 746 2098 Theodoritns
764 2062 869 2096 veluti
884 2064 920 2096 in
936 2062 1086 2096 medium
1103 2059 1244 2106 prodiit,
1271 2058 1423 2104 dixitque
1439 2061 1473 2095 se
1490 2073 1604 2107 preces
1624 2059 1781 2096 obtulisse
1810 2063 1876 2096 im.

265 2118 417 2166 peratori
445 2126 477 2149 et
506 2113 637 2148 libellos
666 2115 819 2146 Romano
838 2111 1009 2156 pontifici,
1037 2110 1159 2155 quibus
1184 2107 1305 2143 scilicet
1323 2121 1359 2143 ut
1374 2121 1471 2144 antea
1487 2109 1760 2149 observavimus,
1786 2121 1877 2156 pete.

265 2169 321 2204 bat
346 2165 479 2202 causam
498 2162 590 2198 suam
609 2162 790 2196 examinari
808 2162 841 2195 in
860 2160 989 2208 synodo
1007 2172 1039 2195 et
1057 2159 1130 2194 fidei
1148 2156 1225 2193 suae
1242 2159 1405 2193 rationem
1420 2159 1598 2195 reddebat:
1625 2158 1816 2206 postulavit,
1839 2172 1876 2198 ut

265 2218 516 2266 “10801011‘111‘3
541 2223 574 2249 at
590 2210 711 2261 synodi
734 2222 847 2258 patres
866 2210 931 2248 hoc
957 2222 1065 2248 unum
1085 2207 1128 2244 ab
1145 2219 1185 2245 eo
1201 2208 1436 2256 petierunnut
1449 2209 1876 2251 anathematizaretNestm

1730 2305 1826 2344 aium
