1940 2728
237 200 308 233 450
458 187 527 221 DE
555 184 831 229 ANTIQUA
858 184 1154 219 recessim
1186 183 1536 219 nisctpiiNA-
1580 200 1585 205 ·

341 276 436 317 Quae
455 285 531 306 cum
549 272 596 306 ita
613 270 693 312 sint,
722 284 759 306 ex
778 271 839 306 hac
856 270 987 314 integra
1003 266 1100 303 causa
1117 269 1202 304 nihil
1227 268 1390 311 habetur,
1443 284 1513 317 quo
1538 270 1640 318 possit
1655 270 1800 317 probari

191 321 395 370 pontificum
416 325 648 357 Romanorum
666 323 697 354 in
718 331 838 365 regum
856 319 1017 354 Franciae
1034 318 1236 364 temporalia
1260 321 1442 358 autoritas,
1491 323 1563 356 imo
1588 333 1671 357 vero
1697 320 1803 356 multa

192 373 290 410 sunt,
318 384 403 416 quae
426 371 636 406 contrarium
665 367 854 403 ostendunt.

342 422 458 455 Primo
478 421 569 453 enim
587 415 784 452 Bonifacius
810 414 951 452 onst-avus
977 415 1113 463 primus
1139 414 1204 455 est,
1239 416 1298 462 qui
1317 417 1468 463 aliquam
1487 416 1757 466 fibipotestatem
1768 417 1805 452 in

197 483 290 517 reges
307 471 468 505 Franciae
483 467 580 502 ausus
597 466 703 502 fuerit
728 478 897 512 arrogare.

344 518 498 554 Secundo
533 517 603 565 ejus
637 516 835 551 sententiam
869 526 941 551 tota
973 515 1152 554 exhorruit
1179 514 1291 550 Gallia
1308 541 1319 558 ‚
1371 514 1643 563 graviffimisque
1666 515 1807 553 decretis

190 567 341 604 confixit.

344 617 468 652 Tertio
487 615 670 651 cardinales
688 614 836 650 ecclesiae
852 616 1022 649 Romanae
1042 613 1145 659 ipsius
1164 625 1319 659 tempore
1337 611 1467 648 fag-‘ium
1495 615 1736 660 improbarunt
1756 614 1808 648 di-

195 677 329 706 centes,
355 678 529 710 nunquam
549 665 712 710 Philippo
731 663 879 698 Pulchro
898 662 1113 697 Bonifacium
1132 661 1292 709 scripfiise
1306 689 1314 704 ,
1370 663 1461 708 quod
1489 675 1637 709 regnum
1655 664 1726 711 ej'us
1747 661 1810 698 fibi

197 713 339 751 subesset
359 714 613 760 temporaliter,
641 713 793 756 illudque
811 711 841 746 se
868 723 982 745 tenere
1010 712 1156 746 deberet.

350 767 483 808 Quarto
499 761 575 808 post
595 760 764 796 Bonifacii
786 770 934 794 mortem
951 758 1152 794 successores
1173 760 1264 805 ejus,
1291 760 1382 793 illius
1398 773 1434 794 ea
1445 760 1483 794 de
1493 773 1530 796 re
1547 761 1809 807 constitutiones

199 812 291 859 quasi
309 813 501 858 illegitimas
521 820 776 844 revocaverunt.
1061 838 1064 841 ,

348 865 466 904 Itaque
489 859 556 906 jam
573 857 691 893 cessent
712 854 890 890 adversarii
909 855 1108 891 decretalem
1125 868 1223 891 unam
1233 856 1385 900 sanflam
1404 855 1503 891 nobis
1530 855 1697 904 objicere,
1725 869 1812 901 quae

198 910 255 946 etfi
274 923 341 945 non
352 909 430 943 esset
449 918 613 947 revocata,
630 906 756 941 nullius
781 917 843 951 per
861 904 893 940 se
907 906 1073 951 ponderis
1093 904 1200 944 foret,
1229 918 1308 939 nam
1328 907 1362 940 iu
1388 919 1423 940 ea
1452 903 1650 941 Bonifacius
1674 903 1813 941 frivolis

201 971 234 993 et
255 959 408 992 absurdis
427 957 511 992 adeo
534 957 654 990 nititur
674 954 879 993 rationibus,
911 967 945 989 ut
963 955 1077 989 nuilus
1096 956 1218 988 mentis
1238 955 1321 988 bene
1339 956 1434 989 sanae
1460 968 1603 1001 compos
1623 952 1814 1001 poffircon-

199 1006 409 1051 stitutionem
429 1007 500 1053 eius
517 1006 632 1049 aliquo
651 1006 685 1039 in
704 1005 819 1051 pretio
838 1002 982 1045 habere3
1032 1006 1078 1038 ait
1095 1005 1215 1048 primo
1231 1002 1430 1048 potestatem
1450 1003 1658 1050 spiritualem
1680 1003 1741 1038 effe
1761 1003 1815 1038 su-

198 1068 354 1103 premam
375 1068 431 1090 aut
451 1054 707 1093 nobssiffimam,
737 1055 812 1097 quis
833 1052 895 1086 hoe
911 1053 1038 1098 neget?
1081 1052 1145 1087 Sed
1168 1065 1206 1087 ut
1225 1053 1372 1087 diximus
1388 1079 1398 1094 ,
1426 1062 1494 1089 non
1514 1055 1628 1089 omnis
1645 1052 1812 1100 potestas,

202 1117 289 1151 quae
306 1105 406 1140 altera
428 1104 578 1139 nobilior
597 1101 658 1142 est,
686 1105 720 1137 in
741 1115 814 1137 earn
832 1114 1016 1148 propterea
1043 1100 1277 1136 austoritatem
1302 1102 1412 1138 habet.

353 1154 458 1188 Addit
475 1153 604 1197 aliquot
620 1150 805 1197 scripturae
831 1151 1019 1185 testimonia
1032 1176 1040 1191 ‚
1067 1150 1122 1184 sed
1141 1164 1160 1185 a
1178 1152 1325 1196 genuino
1344 1151 1438 1186 sensu
1457 1151 1555 1197 plene
1574 1151 1716 1187 detorta.
1743 1153 1823 1186 Taae

201 1203 234 1238 le
254 1200 298 1236 est
319 1203 415 1238 illud.
469 1203 549 1237 Ecce
567 1203 633 1237 duo
650 1200 765 1250 gladii
777 1203 858 1245 sunt
875 1200 1041 1245 kic,quod
1066 1199 1139 1245 ipso
1157 1199 1278 1234 fatente
1297 1201 1524 1241 Bellarmino,
1562 1199 1647 1235 nihil
1667 1200 1706 1234 ad
1729 1195 1815 1245 pro'ss

204 1252 356 1298 positum
372 1251 508 1297 spef'tat.
563 1252 656 1285 Hinc
693 1251 782 1283 enim
811 1248 962 1284 Christus
995 1249 1187 1283 describ-:ns
1214 1247 1369 1284 suturam
1397 1248 1630 1296 apostolorum
1655 1247 1814 1294 paffionis

205 1299 284 1335 suae
302 1313 458 1346 tempore
475 1298 736 1345 dispersionem,
762 1299 817 1335 ait,
833 1311 909 1332 tunc
921 1311 1009 1343 opus
1027 1296 1123 1337 fore,
1150 1310 1186 1332 ut
1202 1297 1393 1334 vestimenta
1418 1299 1564 1333 vendant
1588 1299 1629 1333 ad
1656 1298 1816 1332 emendos

205 1349 348 1395 gladios.
402 1348 505 1390 Quod
525 1360 594 1381 non
611 1347 838 1390 intelligentes
857 1344 1018 1390 apostoli,
1047 1347 1315 1390 responderunt,
1343 1359 1409 1381 ecce
1425 1348 1491 1381 duo
1509 1347 1624 1393 gladii
1643 1349 1727 1390 sunt
1744 1348 1816 1388 hic,

208 1397 298 1441 quasi
318 1395 446 1444 juffisset
457 1396 610 1430 Christus
624 1394 754 1440 gladios
766 1395 845 1428 erni.
898 1393 1050 1427 Christus
1061 1406 1170 1427 autem
1183 1393 1285 1431 addit,
1297 1396 1383 1438 satis
1395 1394 1454 1434 eli,
1484 1406 1551 1428 non
1562 1394 1601 1428 ad
1614 1392 1817 1428 confirman-

206 1447 282 1481 dam
302 1458 422 1481 eorum
444 1446 660 1490 opinionem,
686 1441 739 1477 isti
756 1442 825 1476 duo
836 1442 940 1487 gladii
957 1440 1160 1481 sufficerent,
1188 1442 1243 1475 sed
1263 1443 1302 1476 ad
1319 1443 1594 1487 abrumpendum
1615 1442 1816 1482 sermonem,

206 1495 296 1539 quali
319 1496 459 1530 diceret,
489 1492 565 1527 satis
584 1491 629 1526 est
646 1491 830 1525 verborum
851 1492 911 1524 hac
929 1491 968 1522 de
984 1502 1029 1523 re.
1084 1493 1134 1523 lta
1152 1489 1447 1535 'sheophilasiuffi
1475 1491 1681 1536 Euthymius
1702 1503 1732 1526 et
1745 1492 1815 1527 alii.

205 1545 361 1579 Secundo
380 1543 513 1577 adducit
531 1540 725 1576 Bonifatius
743 1539 827 1573 iliud
848 1538 969 1573 Christi
991 1535 1118 1571 dicium
1137 1538 1176 1571 ad
1196 1540 1347 1576 Petrum,
1366 1539 1466 1573 conde
1490 1540 1645 1587 gladium
1664 1548 1756 1575 tuum
1778 1555 1818 1576 m

206 1597 388 1640 vaginam,
415 1591 468 1626 sed
486 1589 575 1624 istud
596 1589 678 1622 bene
699 1585 909 1623 iiitellefiium
932 1585 1112 1631 proposito
1139 1585 1304 1622 Bonifacii
1330 1586 1534 1623 adversatur.
1589 1590 1714 1624 Tertio
1730 1589 1817 1625 illud

209 1641 304 1675 affert
316 1665 324 1681 ‚
349 1641 572 1689 quodcumque
588 1640 772 1686 ligaveris,
801 1635 895 1682 quod
913 1635 955 1671 ad
972 1635 1169 1683 potestatem
1186 1635 1395 1684 spiritualem
1413 1648 1541 1673 tantum
1553 1639 1724 1684 pertinere
1734 1652 1820 1686 pro-

207 1689 321 1725 batum
349 1688 394 1723 est
416 1689 526 1734 supra.
1542 1726 1547 1733 Ι

361 1740 514 1782 Denique
533 1736 706 1771 coronidis
723 1737 796 1771 vice
819 1736 955 1772 adducit
972 1736 1056 1771 illud
1074 1734 1262 1774 Genese0s‚
1296 1739 1332 1772 in
1355 1739 1548 1784 principio,
1602 1736 1660 1772 ubi
1686 1734 1818 1774 digium

211 1786 274 1828 est,
305 1789 432 1832 inquit,
460 1791 496 1822 in
511 1789 702 1833 principio,
743 1798 809 1821 non
835 1789 872 1821 in
897 1789 1099 1833 principiis,
1151 1786 1240 1822 unde
1267 1784 1373 1821 infert
1397 1799 1499 1821 unam
1528 1784 1590 1820 effe
1607 1785 1817 1831 potestatem.

211 1840 293 1873 Ecce
312 1839 343 1871 in
361 1848 501 1881 quantas
519 1834 744 1869 absurditates
764 1833 889 1870 necesse
909 1835 947 1870 fit
966 1848 1024 1870 eos
1042 1835 1252 1877 descendere,
1284 1837 1343 1880 qui
1358 1833 1475 1871 falsam
1488 1835 1707 1881 opinionem,
1735 1846 1817 1881 quo-

208 1899 356 1931 cumque
374 1887 480 1920 modo
498 1885 586 1919 tueri
611 1883 741 1920 volunt.

357 1936 517 1979 Denique
534 1936 568 1968 in
584 1934 641 1968 illa
660 1932 812 1967 decretali
830 1946 928 1968 unam
939 1934 1108 1978 sani-Iam,
1135 1932 1215 1968 etin
1234 1932 1374 1978 epistola
1393 1932 1451 1968 sua
1476 1932 1519 1967 ad
1543 1932 1743 1978 Philippum
1767 1940 1819 1968 toi

212 1996 265 2019 tus
283 1983 327 2018 est
350 1984 563 2020 Bonifacius,
616 1994 653 2017 ut
671 1981 834 2016 diressam
858 1983 892 2016 in
920 1982 1119 2028 temporalia
1142 1980 1340 2028 potestatem
1368 1980 1502 2017 astruat.
1554 1982 1619 2016 Sed
1644 1982 1729 2016 hanc
1744 1982 1819 2027 opi-

212 2035 350 2068 nionem
378 2032 515 2066 defendi
550 2030 619 2065 non
653 2031 748 2076 posse
772 2043 863 2066 nunc
889 2031 1102 2068 consentiunt
1127 2043 1244 2067 omnes
1262 2055 1274 2070 ,
1325 2041 1400 2066 eant
1433 2042 1518 2078 ergo
1551 2042 1630 2066 cum
1665 2029 1722 2066 sua
1759 2030 1819 2066 illa

208 2081 376 2117 decretali.

359 2133 435 2164 Nec
451 2129 564 2164 minus
586 2127 774 2162 detestanda
792 2128 836 2163 est
857 2128 913 2163 illa
936 2129 1046 2168 bulla,
1095 2140 1198 2175 quam
1227 2141 1317 2163 anno
1342 2134 1445 2173 ¹585-
1473 2129 1507 2162 in
1531 2127 1720 2163 Henricum
1745 2130 1817 2163 Na·

210 2192 327 2216 varrae
341 2192 457 2226 regem
476 2176 660 2214 condidisse
678 2175 789 2213 fertur
809 2179 921 2214 Sinus
937 2182 979 2215 V.
992 2204 1003 2219 ,
1056 2191 1134 2224 qua,
1151 2177 1262 2226 ipsum
1280 2177 1460 2216 declaravit
1484 2177 1818 2260 excommunilcatum

1657 2237 1692 2261 rc
1707 2237 1767 2272 ap-
