1982 2739
305 228 373 260 με
490 216 582 257 ‘nr
608 211 884 259 ANTIQUA
919 207 1609 248 *tcotnsraeoemsenetmx

256 312 459 362 gitationem
475 307 583 345 animi
602 303 731 349 aliquid
750 303 786 338 in
804 302 894 338 hunc
911 299 1016 336 finem
1031 297 1243 346 prodiderit,
1262 296 1327 334 five
1345 295 1455 337 dieto..
1472 298 1539 333 five
1557 296 1648 334 facio
1661 324 1668 338 ,
1685 297 1775 333 'licet
1792 297 1869 334 nul.

257 367 281 400 li
303 371 541 410 praeterquam
556 358 633 392 Deo
653 365 746 389 noto.
802 352 932 387 Prioris
956 350 1137 386 sententiae
1150 360 1287 384 autores
1314 360 1488 383 enumerat
1509 351 1631 384 Suares
1655 348 1740 393 disp.
1767 360 1801 389 4.
1830 347 1871 383 de

259 412 410 449 censuris
428 408 505 445 sest.
528 420 559 444 2.
579 419 612 440 n.
636 417 686 449 5.,
715 401 850 438 Gloffae
866 412 1022 436 autorem
1041 401 1077 434 in
1095 410 1170 446 cap.
1199 399 1302 445 cogit.
1322 397 1362 432 de
1389 398 1519 443 poenit.
1541 398 1585 433 D,
1610 410 1658 436 1„
1687 409 1718 432 et
1736 399 1772 433 jn
1798 396 1872 431 (ηε.

259 473 363 500 ment.
390 474 419 496 1.
438 460 480 494 de
498 458 619 493 haeret.
636 454 664 498 §.
685 455 832 492 Verum,
858 449 1012 486 sanGum
1026 450 1244 497 Antoninum
1269 460 1298 492 3.
1318 459 1405 493 part.
1423 448 1474 482 tit.
1498 459 1553 490 24.
1579 459 1650 493 cap,
1671 459 1715 491 7„
1748 449 1873 482 Panor.

260 516 334 550 mit.
353 513 388 546 in
400 522 471 556 cap.
493 504 716 552 extirpandae
734 503 762 545 ᾗ.
781 504 840 550 qui
857 513 937 536 vero
954 503 992 536 in
1010 502 1081 547 eJ'us
1094 501 1320 546 repetitione,
1349 510 1381 532 n.
1409 509 1464 531 21.
1494 496 1658 543 majorem
1683 498 1718 531 in
1744 509 1778 539 4.
1797 495 1870 532 dist.

266 578 279 598 1
292 577 321 598 2.
343 575 374 609 q.
396 573 428 605 7.
447 559 475 602 §.
495 565 614 592 contra
628 556 784 601 primum.
840 549 1005 586 Rosellam
1022 548 1129 584 verbo
1148 547 1309 592 absolutio
1329 558 1359 581 et
1380 545 1486 582 verbo
1505 546 1649 584 haeretis.
1680 545 1873 582 Adrianum

263 610 466 659 quodlibeto
477 614 511 648 8·
529 606 611 640 etin
629 615 662 646 4·
681 615 713 647 q·
738 612 787 645 3-‚
817 600 1002 646 Pigghium
1034 598 1093 633 lib.
1126 601 1157 631 6.
1180 597 1222 630 de
1256 595 1332 631 eccli
1365 594 1438 633 hist.
1462 608 1532 642 cap.
1566 600 1622 630 ¹6.
1638 621 1646 636 ,
1674 595 1873 630 Cordubam

263 664 323 699 lib.
350 673 383 704 4.
404 657 527 704 quaest.
547 653 819 699 theologicarum
838 649 960 694 quaest.
984 646 1228 692 13.Medinam
1240 658 1310 692 cap.
1333 645 1372 680 de
1383 646 1511 691 poenit.
1549 645 1775 680 Posteriorem
1793 656 1876 679 vero

265 713 461 749 sententiam
488 705 638 749 sequitur
666 699 738 747 ipse
765 698 918 744 Vasquez
945 697 1091 736 ibidem,
1136 696 1285 739 itemque
1315 698 1495 730 'rannerus
1520 693 1602 741 disp.
1623 700 1655 729 6.
1676 694 1718 729 de
1743 695 1874 741 poenit,

266 758 390 809 quaest.
415 769 468 791 10.
485 753 568 789 dub.
593 763 622 796 3.
640 762 737 785 num.
760 759 816 792 55.'
860 747 1061 793 Hugolinus
1079 745 1121 779 de
1138 743 1222 779 cens.
1245 744 1320 779 eccl.
1340 744 1405 780 tab.
1428 758 1456 779 1.
1478 756 1552 791 cap.
1573 759 1603 787 9.
1622 745 1648 787 §.
1675 756 1728 779 12.
1766 746 1880 780 Bona-

267 815 342 848 cina
358 808 398 843 de
418 812 589 841 natura-et
605 799 710 835 caufis
729 796 888 833 censurae
905 795 1037 843 punsto
1059 807 1087 839 3.
1107 807 1138 829 n.
1190 795 1338 828 Becanus
1364 805 1396 828 et
1414 794 1482 830 alii.
1535 794 1600 829 Sed
1621 793 1674 829 isti
1692 805 1770 828 meo
1789 794 1879 841 Judi-

267 865 322 897 cio
340 855 621 899 inconsequenter
635 849 893 884 ratiocinantur.
945 849 1041 881 Nam
1061 844 1082 879 fi
1101 841 1248 878 afflones
1267 844 1417 878 internae
1436 841 1604 890 subjeaae
1634 855 1708 878 non
1735 841 1811 878 sunt
1831 843 1880 891 ju-

269 906 461 946 risdiffioni
478 900 649 938 ecclesiae,
678 909 714 932 ut
733 895 847 930 multis
867 895 1056 930 rationibus
1075 893 1242 939 probant,
1272 892 1338 927 dici
1357 893 1411 927 vix
1435 891 1562 939 potest,
1591 904 1654 927 cur
1679 891 1769 927 idem
1788 892 1879 940 judi.

269 962 358 995 cium
381 969 448 990 non
466 952 502 987 sit
518 949 700 985 ferendum
718 947 759 981 de
779 943 971 979 astionibus
991 942 1302 986 externis‚quando
1315 940 1390 977 sunt
1402 943 1551 988 ignotae.
1601 943 1655 976 Sic
1674 954 1743 976 non
1767 942 1880 981 video,

271 1021 339 1054 qua
358 1007 396 1040 de
415 1002 508 1039 cauia
525 1001 632 1035 homo
651 1009 720 1031 non
738 993 837 1041 posiit
853 993 1138 1028 excommunicari
1155 993 1200 1026 ob
1219 990 1378 1026 haeresim
1400 1002 1514 1026 mente
1531 1002 1752 1037 conceptam,
1779 989 1882 1037 poffit

271 1069 352 1093 vero
372 1055 416 1090 ob
433 1052 528 1087 istam
541 1047 701 1083 haeresim
721 1043 815 1079 nullo
840 1042 995 1078 audiente
1019 1042 1071 1076 vel
1093 1041 1266 1088 praesente
1298 1041 1412 1076 verbis
1436 1040 1616 1087 prolatam.
1669 1041 1749 1076 Hoc
1769 1051 1883 1075 tamen

272 1105 442 1154 POsterius
459 1098 637 1137 adserunt’
664 1096 761 1142 Prius
780 1104 923 1138 negant,
952 1105 1016 1137 qua
1031 1093 1065 1126 in
1085 1104 1120 1125 re
1138 1093 1224 1126 mira
1241 1091 1328 1125 mihi
1346 1090 1479 1125 videtur
1496 1087 1641 1125 istorum
1660 1091 1802 1136 argutia,
1819 1093 1884 1125 ve.

273 1169 351 1193 rum
370 1150 464 1188 missa
478 1145 726 1185 >canonistarum
744 1144 925 1178 autoritate
941 1143 1048 1177 videri
1067 1139 1179 1188 potest
1201 1139 1373 1185 aliquibus
1392 1141 1778 1175 excommunicationem
1792 1139 1884 1175 ‘latae

275 1205 456 1242 sententiae
479 1197 553 1245 ipso
571 1194 664 1232 fagio
683 1193 907 1229 incurrendae
925 1193 1007 1228 olim
1026 1192 1060 1226 in
1078 1190 1142 1226 usu
1167 1189 1282 1231 fuiffe,
1310 1202 1343 1225 et
1369 1191 1403 1225 in
1429 1191 1571 1236 peccatis
1599 1190 1741 1225 occultis
1767 1189 1883 1224 locum

275 1251 433 1291 habuisse.
486 1249 603 1282 Sciunt
620 1246 709 1278 enim
727 1254 844 1277 omnes
861 1241 977 1286 pnffim
998 1244 1032 1274 in
1051 1239 1237 1275 canonibus
1254 1239 1449 1278 anathema,
1479 1238 1537 1273 seu
1564 1239 1884 1274 excommunicatio-

278 1315 354 1338 nem
374 1299 483 1343 infligi
502 1292 742 1340 peccatoribus
769 1290 928 1324 omnibus
958 1289 1025 1322 fine
1052 1286 1268 1321 distinetione
1301 1287 1514 1320 occultorum
1543 1297 1575 1320 et
1594 1285 1854 1322 manifestorum
1874 1313 1884 1328 ,

278 1355 351 1388 imo
369 1349 469 1384 etiam
486 1340 669 1387 aliquando
687 1338 838 1373 occultos
857 1348 1048 1381 peccatores
1072 1335 1431 1369 excommunicationis
1449 1333 1611 1370 sententia
1627 1336 1769 1372 involvi.
1819 1338 1885 1372 De·

278 1403 384 1445 nique
403 1397 468 1444 jam
487 1393 528 1428 ab
547 1391 678 1435 aliquot
694 1387 830 1422 saeculis
848 1385 1028 1420 decretales
1046 1387 1284 1419 Romanorum
1309 1383 1512 1429 pontificum
1526 1383 1664 1419 'scatent
1691 1397 1885 1422 excommu-

281 1446 505 1486 nicationibus
523 1442 606 1476 latae
626 1437 819 1475 sententiae,
848 1446 884 1468 ac
902 1433 978 1480 ipso
994 1433 1084 1468 fagio
1102 1433 1319 1468 incurrendae
1346 1432 1531 1479 pasiimque
1561 1431 1806 1477 fulminantur,
1824 1451 1827 1453 ·
1847 1426 1887 1473 u't

279 1501 391 1538 aiunt,
418 1505 457 1530 ut
472 1489 719 1536 compellantur
738 1484 893 1519 homines
909 1483 951 1517 ad
970 1481 1175 1527 detegendos
1195 1479 1301 1518 furti,
1328 1482 1524 1523 homicidii,
1551 1495 1583 1518 et
1600 1484 1749 1520 aliorum
1775 1476 1886 1521 crimi-

280 1560 366 1586 num
381 1550 530 1581 autores.
1866 1548 1880 1554 (b

430 1586 643 1636 Respondeo‚
655 1581 1040 1619 excommunicationem
1056 1577 1143 1613 latae
1159 1576 1341 1613 sententiae
1357 1590 1428 1614 non
1447 1577 1510 1614 effe
1528 1592 1600 1615 eam
1612 1606 1620 1620 ,
1649 1595 1734 1627 quae
1750 1583 1817 1619 huc
1838 1583 1891 1620 ufi-

284 1659 350 1694 que
368 1641 536 1687 descripta
558 1636 613 1671 est.
666 1637 759 1670 Nam
777 1629 1059 1676 quotiescumque
1076 1629 1111 1663 in
1131 1628 1318 1663 canonibus
1337 1628 1484 1672 antiquis
1501 1628 1623 1665 dicitur
1641 1632 1818 1667 anathema
1833 1645 1891 1679 ge.

285 1695 428 1732 neratirn
446 1692 480 1725 in
499 1699 574 1728 εοε,
603 1685 662 1729 qui
681 1684 747 1718 hoc
765 1693 823 1715 aut
839 1679 926 1715 istud
942 1679 1092 1725 egerint,
1120 1677 1186 1712 hoc
1204 1677 1291 1712 nihil
1308 1677 1401 1712 aliud
1421 1677 1481 1713 fibi
1500 1679 1699 1725 vult,quam
1725 1693 1802 1718 eos,
1830 1683 1898 1728 qui¹

284 1743 372 1783 istud
394 1737 492 1789 egisse
509 1727 1189 1773 convifflfuerint,excommunicandos,
1215 1739 1286 1762 non
1301 1738 1414 1763 autem
1442 1740 1557 1764 revera
1583 1732 1892 1768 excommunicntog

281 1794 353 1833 css‘e.

436 1839 516 1873 Hoc
533 1845 643 1870 autem
658 1829 785 1868 constat
800 1842 839 1865 ex
862 1841 923 1869 eo,
946 1827 1039 1874 quod
1059 1828 1094 1862 in
1109 1825 1299 1863 canonibus
1316 1826 1420 1873 paulo
1440 1828 1693 1872 antiquioribus
1719 1842 1893 1875 nunquam

287 1895 376 1940 leges
394 1892 473 1925 haec
491 1897 546 1920 aut
563 1881 815 1921 similia—verba,
835 1879 880 1926 fit
899 1881 968 1925 ipso
977 1880 1078 1925 faHo
1098 1879 1387 1913 excommunicatus
1404 1885 1438 1911 ct
1454 1876 1630 1923 depositus,
1665 1881 1723 1927 qui
1748 1879 1786 1915 id
1799 1880 1894 1927 fece·

289 1948 350 1978 rit.
400 1938 463 1975 Sed
484 1946 615 1969 tantum
637 1958 644 1973 ²
664 1933 691 1977 fi
707 1934 780 1979 quis
802 1930 840 1964 id
858 1928 1315 1974 fecerit,excommunicetur,
1344 1926 1552 1973 deponatur,
1563 1929 1792 1978 segregetur,
1820 1927 1896 1974 qui:

288 1993 352 2028 bus
374 1985 554 2025 formulis,
581 1994 620 2017 ut
639 1981 849 2016 consentiunt
866 1976 1054 2013 canonistae
1073 1989 1144 2012 non
1160 1976 1362 2021 exprimitur
1383 1979 1686 2013 excommunicatio
1714 1976 1799 2012 latae
1826 1978 1896 2014 sen-

289 2041 427 2079 tentiae,
455 2033 512 2071 sed
530 2031 699 2068 ferendae.

443 2082 546 2129 Quod
565 2093 648 2115 vero
665 2075 787 2126 spes’tat
803 2076 843 2111 ad
862 2088 981 2111 vocem
998 2075 1194 2114 anathema,
1207 2085 1271 2118 qua
1283 2085 1429 2110 utuntur
1444 2085 1514 2109 non
1531 2087 1608 2110 raro
1625 2076 1758 2121 antiqui
1771 2101 1781 2117 ‚
1808 2076 1892 2115 haee

291 2132 553 2176 comminatoria
576 2141 706 2165 tantum
725 2127 769 2162 est
786 2140 817 2161 et
833 2124 1044 2160 detestatoria
1058 2151 1067 2166 ,
1095 2135 1158 2159 vox
1185 2124 1273 2157 enim
1298 2136 1415 2169 graeca
1438 2123 1582 2170 άνοέδεμα.
1601 2126 1636 2159 in
1661 2124 1758 2160 sacris
1777 2126 1897 2162 litteris

293 2189 478 2233 usurpatur
495 2194 561 2228 pro
590 2191 670 2214 voce
697 2178 836 2212 hebraea
853 2183 958 2216 ΠῺἾΠ
978 2177 1124 2213 Harma,
1152 2185 1253 2217 quam
1273 2173 1430 2219 vulgatus
1454 2174 1607 2218 exposuit
1629 2186 1693 2220 per
1719 2176 1898 2211 anathema

294 2243 402 2274 Num.
423 2249 437 2268 2
451 2248 477 2269 t.
497 2244 528 2266 et
547 2230 625 2278 Jud.
648 2227 873 2265 1.‚deicendit
888 2238 1001 2260 autem
1018 2237 1083 2259 vox
1105 2221 1258 2257 Hebraea
1279 2236 1296 2256 a
1316 2222 1426 2258 radice
1450 2227 1527 2261 ΒἻΠ
1555 2225 1704 2263 Haram,
1741 2224 1808 2259 hoc
1835 2224 1898 2266 est,

295 2287 432 2326 occidit,
462 2283 604 2319 delevit,
631 2279 892 2319 exterminavi13
911 2277 1017 2322 igitur
1032 2272 1208 2309 anathema
1232 2273 1375 2320 proprie
1391 2282 1424 2308 et
1440 2271 1625 2309 secundum
1644 2272 1742 2309 usum
1761 2274 1900 2321 judaeo·

1772 2334 1849 2359 rum
