1961 2718
281 199 353 245 43⁶
504 196 574 231 DE
599 192 869 236 ANTlQUA
904 189 1193 233 ECCLESIAE
1227 189 1568 226 DISCIPLINA

232 286 353 332 lippus
375 283 519 330 imperio
532 295 595 329 pet
614 282 729 317 decem
745 293 850 329 annos
863 280 994 326 poti-tus
1015 278 1076 322 est,
1105 289 1321 325 repugnante
1339 278 1493 324 primum
1518 291 1554 314 ac
1571 276 1691 317 deinde
1707 277 1845 314 cedente

235 338 386 372 ottone,
423 345 500 368 cum
521 345 590 377 quo
616 329 736 378 pastus
754 343 824 366 erat
842 329 1042 375 Philippus,
1099 340 1136 364 ut
1152 328 1230 375 post
1244 338 1394 362 mortem
1414 325 1509 361 suam
1527 326 1632 362 filiam
1658 327 1733 376 ejus
1753 327 1851 362 duce-

235 396 288 422 ret
306 395 335 418 et
354 385 540 429 imperium
557 381 737 416 obtineret.
791 383 910 424 Itaque
928 378 1007 424 'post
1024 389 1169 414 mortem
1198 377 1349 423 Philippi
1376 371 1512 411 iterum'
1527 375 1652 412 elestus
1678 379 1761 412 Otto
1787 378 1849 411 im-

237 435 372 480 perium
392 430 528 469 invasit,
554 442 587 465 at
608 443 668 465 nec
685 427 804 464 eleffiio
821 427 881 463 ista
899 440 1103 473 quamquam
1112 427 1350 462 concordibus
1371 427 1571 472 principum
1589 427 1678 461 votis
1694 423 1782 461 faista
1801 437 1849 460 ra·

235 496 268 519 ta
286 481 401 516 haberi
422 481 580 518 debebat,
609 493 684 514 nam
705 478 908 513 Fredericus
929 476 1115 518 secundus,
1144 477 1288 512 Henrici
1308 474 1388 510 lexti
1407 474 1498 510 filius
1517 475 1689 521 legitimus
1709 476 1849 513 cratim-

235 534 323 578 perii
342 534 473 570 haeres,
499 532 599 574 eique
619 527 811 563 fidelitatem
833 526 903 573 ipse
930 527 1117 574 juraverat,
1151 539 1187 561 ac
1212 525 1361 572 proinde
1389 537 1450 559 nec
1477 537 1635 571 potuerat
1668 525 1849 570 Philippus

238 582 280 617 de
298 581 444 625 imperio
462 579 502 613 ad
520 579 551 613 se
570 578 609 613 ad
627 591 761 623 tempus
789 589 919 612 tantum
945 579 1135 622 pertinente
1165 587 1241 610 cum
1268 577 1395 610 Ottone
1416 573 1558 621 pacisci,
1593 587 1651 610 nec
1678 575 1851 621 principes

236 628 400 664 eleffione
419 631 453 663 in
473 629 608 663 irritum
629 627 721 662 milla
742 625 842 661 fidem
861 626 997 660 violare.
1052 627 1207 668 Cumque
1223 625 1291 671 jam
1312 624 1515 659 adolesceret
1532 624 1752 663 Fredericus,
1781 633 1851 658 erat

236 681 266 714 is
286 680 321 712 in
341 679 490 723 imperio
508 675 777 715 confirmandus,
805 688 876 710 non
895 674 1071 720 eligendus
1090 677 1183 709 Otto.
1236 678 1356 718 ltaque
1373 685 1451 708 cum
1470 674 1640 708 Henricus
1661 672 1764 708 sextus
1778 684 1852 708 mo-

232 729 347 773 riens,
377 740 412 762 ut
431 726 518 761 testis
538 725 581 759 est
602 726 769 763 Blondus,
824 737 963 758 uxorein
987 736 1017 757 et
1036 723 1250 758 Fridericum
1270 721 1378 757 filium
1397 720 1653 757 commendaffet
1675 720 1851 768 pontifici,

238 780 355 823 potuit
377 789 407 811 ct
425 776 542 810 debuit
560 774 615 807 ille
633 773 735 818 ipsius
754 772 884 806 causam
902 784 1021 816 agere,
1050 783 1197 814 eumque
1214 771 1410 815 legitimum
1422 773 1664 817 imperatorem
1675 772 1852 809 declarare·

242 830 411 861 Ottonem
432 837 542 864 vero„
560 833 597 857 ut
616 821 701 855 nihil
720 820 810 869 juris
831 821 872 854 ad
891 819 1077 864 imperium
1102 819 1298 858 habentem,
1325 818 1469 865 rejicere.

389 925 519 956 Verum
536 919 600 959 uti,
629 918 720 964 quod
739 918 863 952 veritas
883 916 997 958 habet,
1025 917 1131 952 libere
1150 917 1319 959 dicamus,
1348 929 1417 951 non
1436 916 1470 951 id
1488 916 1606 953 habuit
1624 918 1658 952 in
1674 927 1783 952 mente
1800 920 1856 953 In.

241 972 438 1008 nocentius,
466 982 502 1005 ut
519 968 738 1004 Fredericum
757 966 875 1015 injuste
897 966 1078 1013 spoliatum
1098 965 1305 1007 restitueret,
1332 978 1408 1001 nam
1427 968 1566 1002 ottonis
1585 966 1784 1002 eleffionem
1803 968 1855 1014 ip-

239 1024 272 1056 se
289 1020 510 1067 probaverat,
538 1030 568 1053 et
584 1018 786 1063 Philippum
804 1030 821 1051 a
839 1028 937 1062 patre
955 1017 1126 1051 Frederici
1146 1017 1300 1051 Henrico
1318 1027 1511 1051 curatorem
1530 1014 1856 1063 ‘elestumproscrip-

242 1072 340 1111 serat,
369 1068 422 1103 sed
447 1070 479 1103 in
501 1071 664 1102 Ottonem
685 1065 818 1106 exarsit,
847 1065 941 1110 quod
959 1065 1058 1100 vellet
1078 1065 1152 1105 ille,
1190 1076 1227 1100 ut
1252 1064 1344 1100 testis
1363 1064 1407 1099 est
1430 1066 1622 1101 Matthaeus
1642 1065 1851 1108 Parifienfis.

239 1121 314 1168 jura
334 1131 363 1154 et
380 1116 590 1165 poss'effiones
608 1117 745 1162 imperii
762 1129 779 1150 a
799 1114 1022 1162 pontificibus
1039 1114 1214 1161 usurpatas
1232 1127 1455 1160 recuperare,
1489 1115 1541 1150 vel
1561 1127 1597 1151 ut
1624 1116 1679 1151 alii
1704 1115 1828 1152 volunt
1841 1142 1850 1157 ,

241 1168 337 1214 quod
355 1180 499 1214 regnum
516 1167 666 1206 Siciliae,
696 1165 789 1210 quod
808 1164 959 1200 ecclesiae
976 1162 1203 1200 feudatarium
1232 1162 1296 1198 effe
1321 1164 1477 1210 pontifex
1503 1164 1745 1206 arbitrabatur,
1783 1164 1852 1200 fine

239 1217 438 1253 investitura
456 1215 605 1264 ejusdem
623 1214 773 1250 ecclesiae
791 1214 890 1250 vellet
908 1226 1093 1261 occupare,
1121 1213 1175 1249 sed
1192 1212 1354 1251 fivevhac.
1381 1213 1446 1249 {ive
1468 1214 1525 1249 illa
1547 1216 1667 1260 potius
1693 1215 1734 1249 de
1757 1213 1852 1250 causa

239 1266 454 1313 deposuerit,
503 1264 705 1300 fatebuntur
730 1262 794 1311 ipsi
820 1264 1066 1302 Bellarminus.
1119 1264 1287 1298 Batonius
1313 1274 1346 1297 et
1376 1263 1434 1298 alii
1457 1276 1617 1299 neutrum
1641 1264 1782 1300 istorum
1806 1263 1851 1300 ad

239 1316 463 1362 deponendos
488 1326 584 1360 reges
609 1312 777 1355 sufficere,
812 1325 892 1349 cum
917 1312 1048 1351 causam
1074 1311 1181 1348 solam
1205 1311 1382 1348 haereseos
1408 1314 1514 1359 vulgo
1532 1313 1688 1355 afferant,
1714 1325 1752 1350 ut
1767 1313 1853 1360 legi-

239 1376 371 1402 umam.

393 1463 613 1506 Quamquam
630 1470 712 1494 vero
730 1458 813 1494 Otto
830 1468 970 1503 quartus
990 1456 1149 1492 sententia
1165 1458 1357 1494 Innocentii
1376 1456 1523 1505 dejectus
1539 1458 1630 1496 foret
1645 1470 1677 1496 et
1699 1460 1852 1497 Frideri.

240 1525 299 1550 cus
317 1513 507 1559 imperator
529 1507 694 1544 secundus
716 1520 735 1542 a
752 1507 969 1553 principibus
993 1507 1183 1552 imperator
1209 1505 1353 1547 elei-tus,
1391 1507 1616 1544 nihilominus
1648 1521 1758 1546 tamen
1788 1523 1848 1546 nec

241 1560 483 1600 confirmatus,
512 1570 571 1593 nec
591 1567 777 1593 coronatus
796 1566 874 1590 ante
895 1566 1045 1590 mortem
1063 1556 1217 1597 ottonis,
1252 1567 1290 1591 ut
1318 1554 1406 1591 testis
1431 1556 1477 1591 est
1499 1558 1660 1595 Albertus
1685 1559 1852 1596 stadensis

241 1613 284 1647 ad
301 1623 430 1647 annum
452 1621 553 1653 ¹279·
608 1608 788 1642 Caeterum
804 1617 844 1639 ex
862 1602 962 1639 diffis
979 1603 1191 1640 manifestum
1207 1602 1269 1646 est,
1297 1607 1412 1652 primo
1440 1610 1606 1645 Ottonem
1629 1609 1769 1656 imperii
1785 1622 1851 1656 po..

241 1662 309 1696 tius
326 1658 517 1695 invasorem
537 1657 602 1692 dici
620 1655 760 1693 debere,
787 1666 888 1699 quam
907 1653 1096 1700 legitimum
1115 1655 1370 1700 imperatorem.
1422 1658 1579 1694 Secundo
1606 1660 1850 1696 Innocentium

240 1709 405 1756 Philippo
422 1707 578 1755 legitimo
597 1705 735 1751 imperii
751 1704 901 1739 curatori
919 1702 1037 1751 injuste
1056 1701 1199 1738 obstiffe.
1252 1706 1375 1740 Tertio
1395 1708 1554 1743 eumdem
1582 1709 1707 1744 Ottoni
1730 1719 1852 1755 perpe.

240 1772 314 1796 ram
333 1756 466 1802 favisse,
492 1767 524 1791 et
542 1753 741 1790 elefflonem
759 1752 835 1802 ejus
851 1754 1025 1788 immerito
1044 1750 1262 1795 confirmasse.
1316 1757 1450 1797 Quarto
1466 1770 1544 1793 eum
1564 1769 1634 1793 non
1657 1756 1773 1793 causae
1797 1770 1848 1793 ae-

241 1810 387 1855 quitate,
417 1806 471 1842 sed
490 1817 607 1841 rerum
621 1802 759 1839 suarum
776 1802 1092 1849 promovendarum
1109 1799 1220 1849 studio
1237 1815 1373 1840 motum
1394 1807 1516 1841 Ottoni
1531 1805 1646 1852 postea
1661 1808 1848 1853 imperium

241 1855 425 1904 abrogasse.
479 1856 612 1899 Quinto
631 1852 850 1889 Fredericum
869 1852 1062 1898 legitimum
1081 1852 1320 1899 imperatorem
1349 1866 1418 1889 non
1444 1854 1540 1891 fuisse
1557 1856 1590 1890 vi
1614 1855 1849 1901 abrogationis

241 1907 344 1955 hujus
356 1932 365 1949 ,
394 1905 452 1942 sed
471 1903 644 1940 eleEtionis
663 1903 860 1950 principum
879 1913 912 1936 et
929 1902 1003 1949 jure
1020 1900 1249 1943 haereditatis,
1278 1906 1443 1939 Ottonem
1461 1917 1543 1941 vero
1568 1918 1638 1940 non
1661 1905 1790 1943 idcirco
1809 1905 1850 1940 il·

240 1956 432 2002 legitimum
449 1955 692 2002 imperatorem
704 1979 712 1994 ,
741 1951 832 1999 quod
851 1949 960 1996 fuiss‘et
979 1964 997 1986 a
1013 1949 1174 2000 pontifice
1190 1949 1355 2001 dejestu8‚
1383 1952 1437 1990 sed
1458 1955 1551 2002 quod
1567 1954 1702 1994 nullum
1727 1955 1780 2003 jue
1805 1957 1860 1998 ad(

241 2005 431 2053 imperium
447 2004 601 2044 haberet,
628 2014 688 2038 nee
717 2001 869 2050 legitime
903 1998 1018 2048 fuisset
1037 1997 1172 2049 chaus,
1455 2009 1461 2014 ”

1743 2293 1801 2332 De
1832 2263 1847 2295 ’ί
