2023 2760
183 273 369 319 Postquam
381 285 464 310 vero
481 273 570 308 hanc
589 272 791 318 dignitatem
809 272 952 320 adeptus
970 272 1030 315 est,
1068 277 1231 315 eximium
1250 282 1341 317 inter
1358 283 1509 330 reliquos
1525 285 1696 326 honorem*

81 322 217 364 subiit,
248 336 353 369 quem
378 323 437 359 fibi
460 335 591 359 canone
616 325 719 359 tertio
742 323 880 358 concilii
909 323 1278 373 constantinopolitam
1304 331 1430 369 deferri
1455 338 1603 376 curavit,
1630 350 1692 372 nec

78 372 133 408 his
154 383 331 409 contentus
351 372 523 410 occasione
537 371 760 411 honorisfibi
778 372 915 408 eoncessi
931 374 966 408 in
987 376 1112 410 vicinas
1130 376 1226 413 Asiae
1251 391 1284 414 et
1314 384 1411 418 Ponti
1439 384 1602 420 dioeceses
1630 386 1691 420 ali-

77 421 163 469 quid*
185 422 272 469 juris
290 421 351 458 fibi
370 434 535 469 arrogare
551 423 687 468 eoepitr
709 420 828 466 easque
848 422 987 458 demum
1013 425 1263 470 imperatorum
1280 429 1480 469 austoritate
1502 432 1611 470 fretus
1630 448 1690 481 pe-

78 473 172 507 nitus
191 472 328 514 invalit,
356 471 484 518 suoque
500 471 745 520 patriarchatui
760 471 895 518 adjecit,
928 471 987 508 sed
1009 474 1133 519 quibus
1157 477 1193 510 in
1220 479 1388 524 gradibus
1414 482 1550 525 fecerit,
1581 497 1687 531 expo-

74 521 230 559 nendum
249 521 305 558 est.

175 572 330 606 Primum
345 569 451 614 igitur
469 567 560 605 haud
577 570 625 604 ita
642 569 752 606 multo
767 569 846 615 post
862 571 1046 607 concilium
1056 572 1475 623 constantinopolitanum
1488 607 1498 621 ,
1525 582 1688 618 Constan-

74 621 294 667 tinopolitani
319 618 470 664 episcopi
496 620 667 654 variarum
695 619 729 655 se
756 619 951 654 dioeceseon
981 621 1259 660 ordinationibus
1283 628 1558 672 immiscuerunt,
1585 632 1694 677 idque

73 682 325 715 noumunquam
345 668 435 710 ultro
455 668 715 704 concedentibus
733 669 981 715 metropolitis,
1017 683 1266 718 nonnunquam
1283 678 1383 713 etiam
1406 680 1533 715 invitis,

174 721 325 755 Primum
346 716 590 764 patriarchicae
608 719 643 752 in
658 718 737 754 alias
754 717 922 754 dioeceses
938 718 1190 766 jurisdistionis
1217 726 1411 772 exemplum
1431 729 1552 765 adduci
1574 729 1689 776 potest

72 768 240 816 judicium
264 766 419 804 Nesiarii
439 767 474 800 in
497 766 591 802 caula
608 767 750 812 Bagadii
774 778 806 802 et
826 770 952 814 Agapii
971 769 1158 807 Bostrensis
1180 773 1327 821 episcopi
1347 790 1354 808 ε
1382 775 1436 812 sed
1461 778 1548 814 istud
1576 792 1684 814 exem-

72 819 172 864 plum
189 818 380 854 nullatenus
398 814 443 850 est
461 816 503 851 ad
519 816 739 863 propositum
759 830 769 850 ι
788 829 867 853 nam
886 819 1133 855 controversiae
1150 821 1244 858 istius
1253 823 1422 872 judicium
1440 841 1508 863 non
1522 828 1597 864 tulit
1612 832 1685 864 Nc.

71 865 196 904 sterius
215 866 442 914 patriarchico
462 865 560 913 jure,
586 866 645 901 sed
659 868 698 902 in
714 866 862 903 concilio
878 867 1262 917 Constantinopolitano
1280 874 1475 912 sententiam
1495 878 1596 919 dixit,
1625 879 1682 913 cui

71 916 208 952 aderant
226 915 451 964 Theophilus
468 915 716 952 Alexandrinus
732 942 741 958 ,
766 916 950 954 Flavianus
968 920 1224 962 AntiochenuS,
1251 924 1420 960 Palladius
1447 927 1625 962 Caesareae
1650 939 1684 963 eg

71 966 127 1004 alii
145 966 296 1014 episcopi
314 967 472 1003 omnium
497 965 711 1006 dioeceseon,
739 979 757 1001 a
786 966 912 1011 quibus
940 966 997 1003 illa
1022 967 1221 1005 confirmata
1248 972 1293 1008 est
1311 989 1324 1008 .-
1356 978 1492 1011 caeteris
1518 977 1682 1021 equidem

70 1015 238 1062 episcopis
258 1015 407 1062 praefuit
422 1011 630 1054 Nestarius,
656 1016 737 1059 quia
755 1018 909 1060 primurn
926 1017 1017 1051 inter
1033 1030 1092 1051 eos
1117 1019 1261 1055 honoris
1285 1022 1398 1058 locum
1424 1026 1559 1060 concilii
1587 1029 1684 1060 Con-

71 1064 363 1110 stantinopolitani
380 1074 511 1098 canone
528 1062 721 1097 obtinuerat
739 1076 746 1096 :
773 1063 827 1098 sed
845 1063 927 1098 inde
941 1065 1100 1100 concludi
1118 1080 1187 1102 non
1206 1070 1474 1117 potest‚aliquid
1494 1087 1572 1109 eum
1591 1074 1683 1122 juris

71 1114 108 1150 in
133 1114 331 1149 orientalem
358 1109 535 1148 dioecefirn
560 1110 720 1147 habuisse.
748 1160 751 1163 Ι
781 1111 930 1147 Concilii.
955 1111 1049 1149 istius
1074 1115 1439 1165 Constantinopolitani
1462 1121 1534 1158 asta
1566 1134 1679 1159 extant

73 1161 156 1198 tom.
178 1176 209 1197 2.
236 1165 341 1198 Cone.
367 1161 431 1197 col.
460 1172 470 1192 1
485 1172 563 1201 152.
615 1161 810 1195 Secundum
836 1163 1028 1206 exemplum
1049 1166 1218 1209 repetitur
1232 1179 1271 1201 ex
1294 1167 1391 1204 §asto
1412 1170 1586 1213 Nestarii‚
1616 1174 1680 1218 qui

71 1213 277 1248 Gerontinm
295 1211 377 1245 olim
401 1206 577 1243 Ambrofii
602 1207 785 1242 diaconum
809 1208 853 1242 ab
870 1209 1040 1244 Helladis>
1060 1212 1267 1249 caesareensi
1294 1218 1522 1254 Nicomediae
1547 1221 1678 1266 episco-

66 1272 152 1306 pum
176 1260 374 1295 ordinatum
391 1257 563 1301 deponere
580 1254 659 1289 licet
675 1254 802 1291 frustra
819 1257 982 1295 tentavit,
1009 1268 1046 1292 ut
1061 1270 1175 1295 narrat
1192 1263 1268 1296 Soz.
1294 1263 1353 1298 lib.
1376 1271 1408 1304 8.
1428 1278 1455 1300 c.
1486 1272 1519 1304 6.
1545 1272 1680 1305 Verum

65 1311 148 1345 haec
165 1308 236 1354 ipsa
253 1309 401 1343 narratio
421 1315 537 1351 aperte
560 1304 770 1340 demonstrat
796 1305 1086 1351 metropolitanos
1112 1310 1306 1346 dioeceseos
1333 1315 1432 1348 Ponti
1451 1315 1491 1350 ab
1511 1316 1676 1363 episcopo

66 1357 272 1398 Caesareae-nsi
290 1370 356 1393 non
379 1371 396 1392 a
413 1353 792 1400 Constantinopolitano
809 1354 987 1391 ordinatos
1005 1355 1104 1392 fuisse
1121 1371 1129 1391 ι
1156 1360 1432 1406 quandoquidem
1458 1365 1516 1400 hic
1542 1366 1676 1401 Geron-

67 1410 135 1444 tius
152 1408 193 1443 ab
219 1407 380 1444 Helladio
397 1403 507 1440 fuerat
525 1404 715 1439 ordinatus.
769 1408 843 1440 Nec
865 1404 927 1445 est,
962 1407 1056 1450 quod
1085 1407 1198 1444 dicant
1225 1422 1341 1446 contra
1366 1424 1510 1449 canones
1536 1416 1679 1451 ordina-

68 1459 197 1494 tionem
216 1458 305 1493 hanc
322 1455 364 1492 ab
383 1467 422 1490 eo
440 1452 565 1489 saetam
584 1452 706 1491 fuisse,
740 1466 801 1490 nec
823 1455 912 1489 enim
940 1455 977 1489 id
1005 1458 1034 1491 ei
1060 1456 1183 1504 objecit
1209 1461 1433 1500 Sozomenus,
1483 1462 1677 1501 Nestarius

71 1519 187 1543 autem·
200 1507 377 1543 Gerontio
392 1503 621 1540 sacerdotium
635 1503 789 1538 adimere
802 1515 939 1539 conatus
958 1503 1002 1539 est
1017 1506 1057 1540 ad
1067 1507 1195 1552 lpreces
1222 1510 1411 1552 Ambrofii‚
1435 1514 1534 1558 cujus
1559 1515 1673 1550 diaco-

68 1569 133 1596 nus
152 1555 267 1592 fuerat
287 1556 487 1592 Gerontius.
539 1555 583 1587 At
596 1552 872 1597 patriarchicain
886 1565 964 1588 eum
982 1553 1147 1601 dignitate
1165 1571 1235 1595 non
1261 1559 1307 1594 est
1331 1558 1429 1602 usus,
1456 1564 1611 1608 alioquin
1635 1566 1676 1599 in

66 1607 135 1653 ejus
153 1606 273 1647 Iocum
287 1606 392 1641 aliurn
411 1600 594 1638 ordinasset
611 1600 832 1648 episcopum,
857 1614 1001 1647 eumque
1019 1604 1058 1640 de
1077 1606 1271 1653 episcopatu
1284 1633 1293 1646 ‚
1330 1610 1448 1645 invitis
1478 1613 1578 1648 etiam
1603 1615 1678 1649 Ni-

66 1653 353 1695 comediensibus,
381 1649 601 1688 deturbasset,
626 1662 665 1685 ut
680 1651 795 1697 postea
810 1663 827 1685 a
846 1651 1090 1698 chrysostomo
1114 1668 1176 1701 per
1201 1659 1270 1692 vim
1291 1656 1419 1694 fastum
1442 1658 1496 1696 est,

165 1705 238 1739 Hic
253 1705 344 1740 enim
362 1700 592 1737 ecclesiasticae
609 1699 807 1746 disciplinae
820 1699 1072 1737 studiofiffimus
1095 1717 1171 1741 cum
1195 1705 1337 1742 audisset
1353 1733 1362 1748 ,
1389 1710 1486 1756 Aſsae
1504 1710 1671 1754 finitima-

66 1765 203 1801 rumque
225 1755 481 1800 provinciarum
498 1750 640 1797 ecclesias
657 1749 699 1784 ab
715 1751 870 1799 indignis
885 1751 1120 1796 finer-dotibus
1141 1754 1334 1802 gubernari
1356 1766 1390 1792 et
1420 1761 1502 1794 alios
1536 1761 1675 1808 quidem

66 1803 178 1843 donis,
205 1804 288 1838 avios
301 1804 428 1852 gratia
447 1809 621 1846 corruptos
629 1799 825 1845 sacerdotia
840 1799 1002 1839 vendere,
1035 1801 1197 1848 Ephesum
1219 1810 1386 1851 perrexit,
1439 1810 1490 1843 Ας
1511 1809 1675 1845 tredecim

66 1854 223 1899 episcopis
243 1852 417 1898 depositis,
441 1853 574 1897 partim
593 1852 628 1883 in
648 1850 752 1896 Lycia
764 1875 771 1889 ‚
788 1859 916 1896 partlm
934 1852 971 1884 in
988 1851 1156 1898 Phrygia,
1172 1857 1308 1899 partim
1327 1858 1364 1890 in
1382 1858 1457 1902 ipsa
1470 1859 1568 1905 Asta,
1585 1860 1670 1894 alio,-

65 1904 104 1937 in
117 1913 231 1937 eorum
247 1903 348 1937 locum
357 1900 542 1947 substituit.
594 1899 775 1945 Ephestnae
797 1910 904 1934 autem
923 1900 1073 1945 ecclaefiaffl
1091 1903 1183 1947 cujus
1200 1905 1364 1950 epzscopus
1373 1913 1456 1941 tune
1464 1910 1564 1954 forte
1581 1920 1672 1944 mor,

65 1959 129 1985 rem
146 1950 295 1990 obierat,
323 1948 537 1987 Heraclidem
555 1951 744 1994 praefecit,
772 1950 885 1983 virum
903 1950 1042 1996 origine
1066 1951 1226 1996 Cyprium
1254 1979 1260 1985 .
1293 1980 1302 1987 .
1329 1980 1337 1987 .
1367 1980 1375 1988 .
1395 1955 1459 1999 sed
1485 1966 1519 1992 et
1536 1958 1672 1993 Geron-

65 2002 151 2035 tium
168 1998 410 2046 Nicomedienfi
427 1998 553 2045 ecclcfia
576 1999 716 2044 expulit.
770 2001 865 2033 Haec
888 1994 989 2032 refert
1006 2000 1071 2032 Soz
1097 2000 1174 2034 loco
1193 1997 1296 2046 supra
1317 2003 1420 2040 ‚citato
1443 2004 1502 2041 lib.
1537 2014 1567 2047 8.
1592 2006 1672 2042 hist.

67 2059 94 2085 c.
123 2053 161 2086 6.-

163 2101 249 2134 Rem<
268 2097 468 2145 diligentius
488 2107 602 2130 narrat
619 2095 784 2131 Palladius
807 2096 840 2130 in
861 2095 999 2142 dialogo
1020 2096 1060 2131 de
1077 2096 1143 2131 vita
1163 2098 1416 2147 Chryibstomi,
1432 2100 1550 2139 scribit
1575 2105 1672 2142 enim

67 2149 282 2184 Antoninum
301 2149 341 2183 ab
362 2144 509 2184 Eusebio
527 2144 864 2190 Valentinopolitano
897 2145 1082 2181 accusatum
1107 2145 1203 2181 fuiffe
1231 2151 1266 2182 in
1300 2150 1444 2186 concilio
1462 2177 1474 2190 ‚
1497 2153 1674 2189 libellum-

70 2208 136 2241 que*
150 2198 334 2233 criminum
353 2200 392 2234 ab
414 2208 453 2231 eo
471 2195 644 2241 prolatum
657 2220 664 2234 ‚
692 2196 746 2230 cui
762 2193 949 2241 praefixum
979 2205 1055 2230 erar
1078 2195 1329 2244 Chrysostomi‚
1358 2202 1417 2244 qui
1436 2202 1582 2237 concilio
1609 2203 1672 2238 ad-

70 2256 165 2287 ππ»
183 2259 324 2286 nomen„
371 2251 466 2285 Inter
486 2245 550 2281 alia
570 2244 749 2292 objiciebat
765 2246 817 2284 ei,
844 2245 935 2293 quod
943 2257 1007 2293 pro
1025 2247 1100 2295 lege
1116 2259 1152 2282 ac
1178 2247 1305 2285 decreto
1322 2249 1458 2287 haberet
1479 2252 1676 2288 ordinatio-

1561 2312 1624 2338 nes
