2022 2733
282 194 797 230 DISSERTATIONES
824 194 1449 233 HISTORICAE.D1sszm-.11.
1580 200 1651 239 169

575 283 631 321 De
656 297 722 322 non
748 284 916 322 nonnullis
944 287 1050 338 causts
1076 285 1216 335 Illyrii-i.

69 401 230 498 Nulla
252 415 297 452 est
316 417 412 463 regio
432 428 553 458 extera,
575 418 609 451 in
623 429 723 462 quam
743 429 870 453 tantum
891 420 1080 454 autoritatis
1099 419 1157 456 fibi
1178 421 1358 457 tribuerint
1382 424 1525 458 Romani
1555 421 1693 469 pontili-
1748 431 1753 435 ’

209 478 260 501 ces
279 479 314 501 ac
335 468 368 501 in
389 467 576 515 Illyricum.
623 470 709 502 Non
727 468 856 501 mirum
875 479 976 511 ergo,
1004 468 1026 501 fi
1055 472 1221 505 nonnulla
1241 482 1353 506 extent
1370 473 1636 517 adpellationurn
1652 486 1689 507 ex

71 514 213 563 Illyrico
233 516 404 563 exempla,
432 519 504 551 imo
527 517 654 550 mirum
672 517 782 561 magis
811 514 856 550 est
881 515 1016 551 nullutn
1034 514 1142 552 ferme
1163 531 1200 552 ex
1220 520 1259 553 iis
1280 523 1443 565 reperiri,
1473 534 1511 555 ex
1529 535 1597 567 quo
1617 535 1687 557 non

7 568 14 574 “
68 565 200 601 constet
219 565 399 612 episcopos
422 566 550 613 Illyrici
569 564 813 610 adpellationes
833 563 909 599 istas
930 565 1069 611 indigne
1088 566 1208 602 tulisse.

219 615 287 651 Sub
307 617 500 650 Innocentii
522 612 723 660 pontificatu
735 614 898 650 Bubalius
916 626 947 650 et
957 616 1154 651 Taurianus
1176 617 1325 652 damnati
1344 618 1377 652 in
1389 617 1529 666 Illyrico
1547 619 1588 655 ad
1605 633 1688 666 pon-

66 662 193 701 tificem
212 664 303 700 hunc
324 662 565 710 confugerunt.
595 663 660 699 sed
682 665 839 709 quamvis
857 663 952 700 causa
969 664 1111 700 illorum
1131 665 1172 701 ab
1194 680 1233 702 eo
1253 665 1428 702 retraPtata
1448 670 1575 704 iterum
1596 670 1689 705 darn-

63 716 135 750 nati
153 714 235 756 fint3
264 727 364 760 aegre
386 726 498 749 tamen
519 713 605 749 istud
625 715 819 750 innocentii
837 711 969 749 fastum
989 715 1178 762 Illyriciani
1195 717 1302 752 tulere
1319 742 1328 758 ‚
1364 728 1396 752 et
1413 730 1475 763 per
1490 718 1616 753 litteras
1635 719 1688 754 bis

63 763 158 810 apud
177 762 290 810 ipsum
309 763 482 809 conquesti
500 764 586 798 sunt.
641 763 782 799 Constat
813 776 852 797 ex
877 763 952 812 ejus
981 765 1122 810 epistola
1153 770 1184 801 6.
1208 767 1334 807 Mora,
1367 768 1500 812 inquit,
1528 773 1689 816 coepisco-

63 813 182 860 po'rum
207 814 422 849 AIaximiani
441 825 474 848 et
491 814 663 860 Eunzetzii,
691 815 747 848 vel
761 817 879 861 potius
896 817 1139 862 importunitas
1157 826 1346 864 temporum
1355 818 1477 862 fecit,
1492 827 1531 853 ut
1547 830 1603 853 vos
1621 822 1685 853 ite-

67 866 198 898 raretis
216 863 258 898 de
275 863 416 898 Bubalia
434 872 466 898 et
487 862 659 899 Tauriana
678 865 920 911 querimoniam
933 889 942 904 ,
971 875 1003 898 et
1020 863 1136 910 postea
1155 878 1162 898 :
1186 878 1302 914 grave
1317 878 1383 901 non
1411 872 1567 914 oportuit
1590 869 1685 903 vide·

64 913 100 947 ri
112 912 265 960 pizffimis
285 913 446 948 mentibus
464 913 582 960 vestris
601 914 826 961 cujuscumque
843 914 1028 949 retrafflari
1037 914 1227 961 judicium,
1255 918 1338 964 quia
1355 919 1488 952 veritas
1507 921 1689 966 exagitata

47 966 53 974 '
64 961 204 1010 saepius
220 964 328 1009 magis
339 962 544 1008 splendescit
572 964 610 997 in
627 963 708 997 luce.
1437 988 1443 994 -

214 1013 259 1045 At
274 1009 548 1045 satisfaciendum
575 1010 851 1057 Illyricianorum
879 1012 1105 1055 querimoniis
1131 1025 1203 1048 non
1232 1013 1352 1058 allegat
1377 1016 1594 1050 Innocentius
1618 1015 1689 1062 spe‘-

67 1057 185 1098 cialem
205 1057 293 1094 sedis
310 1058 386 1094 suae
403 1060 695 1104 praerogativam,
725 1071 785 1093 nec
802 1058 1011 1094 sardicenses
1040 1073 1184 1095 canones
1209 1062 1243 1096 in
1270 1064 1424 1098 medium
1448 1064 1601 1109 profert,
1630 1064 1686 1100 sed

67 1119 204 1143 tantum
216 1107 308 1148 dicit,
329 1121 432 1154 grave
448 1108 558 1143 videri
572 1120 644 1143 non
664 1108 782 1142 debere
801 1107 990 1155 episcopis,
1018 1108 1040 1143 fi
1054 1109 1228 1157 judicium
1254 1109 1352 1148 suum
1370 1112 1410 1148 ab
1434 1114 1506 1148 aliis
1525 1113 1684 1150 remark.

69 1168 145 1196 tur,
173 1158 253 1202 quia
275 1158 356 1193 inde
373 1158 495 1192 veritas
513 1158 622 1202 magis
644 1156 808 1193 elucescit.

223 1207 360 1241 Caetera
377 1203 451 1241 fere
470 1206 586 1240 omnia
603 1204 876 1249 adpellationum
895 1218 934 1238 ex
950 1205 1091 1252 Illyrico
1119 1208 1270 1254 exempla
1298 1209 1522 1246 desumuntur
1544 1225 1583 1246 ex
1610 1214 1686 1259 epi-

68 1253 162 1292 stolis
185 1254 410 1302 pontificum,
437 1266 522 1298 quae
540 1253 724 1288 recitantur
742 1253 778 1286 in
796 1252 880 1287 astis
905 1253 1042 1288 concilii
1063 1256 1210 1289 Romani
1232 1255 1291 1291 sub
1317 1258 1496 1304 Bonifacio
1522 1263 1567 1296 ΙΙ.
1593 1271 1686 1297 anno

67 1316 172 1350 431„
199 1316 285 1350 quae
309 1304 463 1350 primum
492 1302 582 1338 edita
605 1300 682 1337 sunt
707 1300 748 1336 ab
779 1300 962 1337 Holssenio
991 1314 1030 1341 ex
1054 1301 1134 1340 Mss‘.
1166 1305 1285 1340 codice
1316 1305 1538 1342 bibliothecae
1568 1310 1692 1345 Barbe-

65 1355 174 1396 rinae,
203 1354 288 1400 quae
305 1362 529 1389 monumenta
543 1350 701 1387 nonnulli
725 1351 760 1386 in
780 1350 922 1387 dubium
941 1364 1122 1395 revocant,
1158 1353 1215 1390 sed
1246 1355 1326 1392 dato
1351 1382 1360 1399 ‚
1398 1357 1490 1403 quod
1507 1370 1584 1395 vera
1606 1359 1689 1403 lint,

67 1403 110 1440 de
133 1403 279 1451 fingulis
306 1403 474 1449 exemplis
497 1414 605 1449 pauca
631 1400 730 1449 juvat
747 1400 936 1436 observare.
1009 1428 1014 1442 ι
1677 1404 1681 1407 ’

221 1454 375 1489 Primum
400 1451 464 1490 est,
494 1453 667 1496 Perigenis
690 1451 851 1486 Corinthi
869 1451 1026 1488 Helladis
1043 1454 1286 1501 metropolitae
1299 1482 1307 1498 ‚
1346 1457 1405 1502 qui
1424 1470 1500 1493 cum
1519 1471 1537 1492 a
1552 1460 1687 1495 Patren-

67 1501 180 1544 fibus,
206 1516 225 1539 a
247 1502 370 1549 quibus
390 1502 568 1537 ordinatus
583 1498 698 1534 fuerat
715 1498 912 1546 episcopus,
938 1505 1116 1539 communi
1134 1506 1239 1540 totius
1265 1507 1391 1553 populi
1415 1507 1578 1544 consensu
1601 1509 1687 1558 reje-

67 1550 142 1588 stus
160 1549 266 1594 foret,
292 1552 469 1591 Corinthi,
496 1550 559 1585 ubi
578 1560 678 1584 natus
701 1560 779 1586 erat,
796 1549 962 1586 habitavit
984 1552 1056 1589 solo
1078 1553 1228 1601 episcopi
1245 1555 1378 1592 honore
1396 1569 1582 1593 contentus.
1635 1562 1683 1595 At

68 1600 148 1649 post
165 1613 314 1638 mortem
337 1600 491 1647 episcopi
510 1597 615 1647 hujus
638 1598 733 1633 urbis
753 1599 788 1632 in
808 1598 881 1646 ejus
898 1600 1014 1637 locum
1033 1603 1232 1639 constitutus
1259 1605 1314 1642 est.
1368 1609 1469 1642 Hanc
1492 1608 1685 1644 ordinatio-

72 1663 150 1686 nem
167 1650 384 1686 confirmavit
401 1648 596 1685 Bonifacius
622 1659 654 1683 et
677 1646 770 1682 Rufo
786 1647 1072 1686 Thcffalonicenfi
1100 1655 1296 1696 mandavit,
1332 1668 1370 1691 ut
1394 1658 1591 1703 Perigenem
1626 1657 1684 1693 ad-

70 1698 190 1736 versus
213 1700 428 1748 Illyricianos
451 1697 647 1744 episcopos,
677 1698 736 1742 qui
753 1698 1006 1743 ordinationem
1032 1701 1107 1749 ejus
1128 1703 1233 1738 veluti
1260 1706 1516 1742 translationem
1532 1707 1686 1742 adversa-

69 1749 205 1791 bantur,
225 1748 440 1791 defenderet3
465 1759 499 1782 at
516 1747 702 1796 Illyriciani
719 1746 804 1781 nihil
823 1747 876 1781 his
900 1750 987 1783 moti
1011 1749 1198 1786 statuerunt
1226 1751 1396 1800 synodum
1431 1768 1620 1791 convocare
1643 1756 1685 1793 ad

46 1802 49 1803 ⁷
71 1798 325 1846 examinandam
351 1798 525 1844 Perigenis
543 1796 684 1833 causam.
738 1796 776 1831 Id
800 1797 971 1843 piaculum
991 1796 1100 1834 visum
1129 1800 1174 1835 est
1194 1801 1387 1845 Bonifacio,
1417 1807 1475 1849 qui
1493 1816 1682 1852 propterea

70 1849 234 1885 Graeciae
252 1846 429 1896 episcopos
449 1847 570 1893 grandi
590 1845 729 1893 epistola
739 1846 954 1895 objurgavit,
981 1857 1013 1882 et
1031 1861 1072 1883 ne
1089 1849 1123 1884 id
1140 1849 1302 1890 facerent,
1318 1853 1437 1889 multis
1455 1856 1555 1890 minis
1567 1855 1684 1891 'deter-

72 1899 144 1934 ruit
161 1911 169 1932 :
195 1899 278 1944 quin
296 1898 395 1934 etiam
414 1899 632 1943 imperatoris
649 1898 806 1932 Honorii
827 1899 1044 1946 autoritatem
1063 1899 1286 1946 interposuit,
1321 1914 1362 1938 ut
1392 1916 1411 1938 a
1437 1902 1541 1939 fratre
1567 1906 1686 1941 Theo·

71 1946 167 1984 dofio
189 1946 394 1994 rescriptum
414 1946 599 1988 obtineret,
634 1959 698 1992 per
723 1946 816 1992 quod
836 1946 1012 1995 Illyricum
1029 1948 1186 1994 potestati
1210 1952 1354 1987 Romani
1382 1954 1552 1999 pontificis
1578 1954 1686 2004 subji-

72 1995 171 2033 citur.
222 2000 356 2033 Verum
376 1995 435 2031 ista
449 1996 500 2031 lex
515 2009 586 2032 non
606 1996 744 2031 videtur
768 1996 875 2031 robur
901 1996 1064 2038 habuiffe,
1094 2011 1153 2033 nec
1181 2001 1274 2035 enim
1299 2002 1410 2038 codici
1436 2004 1682 2041 Theodofiano

71 2045 118 2082 est
132 2046 277 2088 inserta,
303 2045 360 2082 sed
378 2046 442 2082 alia
457 2046 559 2092 plane
576 2047 743 2082 contraria
762 2046 836 2081 data
852 2046 891 2081 ab
913 2046 1031 2082 eodem
1049 2048 1246 2085 Theodosio
1262 2063 1352 2086 anno
1370 2064 1453 2098 413.
1471 2079 1479 2094 ‚
1509 2067 1575 2099 qua
1600 2055 1679 2103 Illy-

70 2097 181 2135 ricum
196 2093 546 2180 secundumprgiinos
565 2096 782 2143 ecclestasticos
811 2108 944 2131 canones
965 2099 1043 2145 regi
1063 2101 1252 2146 praecipit,
1280 2101 1347 2135 hoc
1370 2100 1432 2143 est,
1461 2115 1478 2138 a
1504 2115 1678 2150 metropo-

73 2143 185 2181 litanis
203 2157 236 2183 et
252 2147 288 2181 in
309 2144 433 2181 caufis‘
459 2145 549 2180 ubiis
568 2143 690 2181 referri
710 2145 808 2194 jubet
823 2146 863 2181 ad
880 2144 988 2181 sedem
1005 2147 1435 2195 Constantinopolitanam‚
1463 2161 1533 2188 tum
1545 2154 1573 2195 fi
1587 2154 1681 2202 quid,

75 2192 203 2241 inquit,
228 2196 415 2236 dubietatis
441 2196 632 2241 emerserit,
661 2195 699 2231 id
717 2204 869 2242 oporteat
886 2208 949 2231 non
967 2194 1083 2244 ablque
1092 2199 1237 2243 scientia
1255 2202 1330 2236 viri
1347 2202 1612 2250 reverendzffimi
1621 2204 1682 2248 sa-

77 2245 274 2290 cro-sanfiae
298 2247 388 2294 legis
415 2245 577 2293 antzstitis
603 2244 695 2281 urbis
723 2245 1119 2294 Constantinopolitanae.
1171 2250 1290 2295 Itaque
1311 2249 1335 2287 fi
1356 2257 1438 2287 'vera
1469 2249 1588 2287 est'tex
1611 2252 1687 2292 illa,

1547 2314 1634 2349 quae
